2228 3366
949 214 1007 268 63

112 345 388 398 referuntur,
433 360 516 390 nec
559 360 666 389 cum
704 345 875 388 iudicio
903 343 1280 401 expenduntur’',
1305 358 1399 387 non
1424 345 1606 395 mirum,
1632 344 1839 400 quando-

114 419 304 478 quidem
347 422 477 462 totus
522 418 615 460 fere
660 418 775 460 liber
819 417 1025 460 continet
1072 420 1321 472 praecepta
1366 414 1658 472 rationesque
1704 416 1839 459 unius

113 489 387 549 philosophi,
409 489 483 532 vel
503 489 668 532 saltem
689 502 807 545 quae
828 487 888 531 ad
908 487 1043 530 unius
1067 487 1310 543 Chrysippi
1331 487 1663 530 auctoritatem
1682 487 1839 529 referri

114 575 262 620 possev
292 565 454 618 postea
499 560 809 604 ostendemus.
861 559 1015 610 „Nam
1064 558 1189 615 quod
1237 559 1443 601 Platonis
1492 559 1736 615 aliquoties
1782 559 1838 601 fit

113 634 302 685 mentio,
329 634 476 676 levius
501 633 588 676 hoc
612 636 681 674 est.
709 645 851 688 quam
877 644 959 687 pro
985 630 1323 673 consuetudine
1349 644 1403 673 ac
1428 630 1639 673 doctrina
1660 630 1839 673 Plutar-

113 705 234 749 chi.''
270 706 333 749 At
367 709 498 748 totus
531 704 647 746 liber
682 702 917 746 Plutarchi
953 702 1195 744 doctrinae
1238 701 1365 744 laudi
1400 706 1484 752 est,
1504 716 1609 744 curn
1623 701 1838 744 ostendat

112 777 383 834 scriptorem
425 780 524 819 tam
568 775 752 831 penitus
802 774 1082 830 quaesivisse
1125 773 1174 815 in
1221 777 1548 828 argumentum
1591 787 1740 822 suum,
1786 777 1838 815 ut

113 849 198 892 has
220 849 428 905 copiosas
451 847 777 890 annotationes
800 846 1030 902 collegerit
1054 859 1113 887 ex
1137 859 1231 887 una
1256 845 1515 888 Stoicorum
1533 844 1836 900 philosophia.

114 919 251 977 Quod
266 919 454 975 omnino
470 931 623 961 rerum
642 918 958 960 Romanarum
975 917 1149 958 mentio
1167 916 1288 958 nulla
1310 916 1381 966 fit,
1402 916 1608 958 affirmat
1626 920 1836 958 nostram

114 991 396 1048 opinionem:
445 990 688 1046 praecipue
734 1002 759 1030 e
806 993 1016 1030 veterum
1063 988 1322 1031 Stoicorum
1367 987 1549 1043 scriptis
1588 991 1832 1043 praccepta

113 1062 253 1106 libelli
282 1063 452 1106 hausta
480 1066 610 1111 sunt;
642 1062 679 1104 si
711 1061 771 1104 ab
801 1060 983 1116 aequali
1015 1059 1087 1102 vel
1118 1059 1341 1115 discipulo
1374 1059 1609 1101 Plutarchi
1640 1059 1839 1114 scriptus

113 1139 247 1185 esset,
281 1134 439 1192 procul
473 1133 614 1176 dubio
648 1133 791 1175 etiam
820 1132 1007 1175 afferret
1050 1131 1262 1187 exempla
1305 1144 1329 1172 e
1375 1131 1513 1173 rebus
1557 1131 1839 1186 historiaque

117 1207 435 1250 Romanorum
464 1205 626 1262 petita.

174 1278 414 1321 Postremo
442 1276 758 1333 Wyttenbach
787 1276 852 1318 ait
880 1275 1112 1317 immerito
1142 1274 1296 1316 deesse
1328 1274 1401 1316 vel
1431 1273 1653 1316 disertam
1682 1272 1841 1315 admo-

114 1349 339 1393 nitionem
402 1334 475 1391 §el
521 1348 716 1390 tacitam
763 1346 1147 1402 significationem
1194 1345 1369 1388 consilii
1419 1345 1550 1395 ‚,loci,
1599 1344 1836 1400 temporis,

116 1421 369 1470 hominum,
389 1419 439 1462 id
456 1424 541 1469 est,
563 1419 730 1475 quibus
751 1418 932 1474 populis
950 1422 997 1459 et
1017 1417 1291 1473 regionibus,
1314 1417 1387 1459 cui
1407 1417 1552 1459 aetati
1571 1420 1618 1457 et
1638 1415 1834 1465 saeculo,

115 1492 189 1536 cui
233 1492 474 1535 hominum
518 1491 670 1547 generi
715 1489 959 1546 scripserit,
1007 1493 1345 1545 praeceptaque
1390 1502 1475 1530 sua
1519 1487 1838 1537 destinaverit,

116 1564 345 1622 quisipse
375 1577 468 1620 quo
497 1562 597 1605 loco
628 1576 681 1605 ac
711 1566 918 1618 tempore
949 1561 1134 1610 fuerit,''
1167 1574 1251 1603 nos
1281 1573 1436 1602 rursus
1466 1560 1580 1602 haec
1610 1572 1703 1601 non
1725 1558 1840 1601 desi-

116 1636 330 1680 deramus
360 1638 600 1692 perspecta
628 1634 732 1676 libri
760 1637 941 1676 natura.
959 1634 1020 1675 At
1038 1646 1095 1674 ne
1113 1632 1150 1674 si
1167 1636 1335 1674 natura
1351 1631 1455 1673 libri
1473 1644 1528 1673 ea
1547 1635 1679 1680 esset,
1700 1644 1841 1686 quam

117 1707 433 1765 Wyttenbach
455 1707 671 1763 putabat,
697 1706 766 1748 ita
788 1710 842 1747 ut
868 1705 1165 1761 profiteretur
1187 1717 1233 1746 se
1257 1703 1427 1746 librum
1448 1716 1545 1745 esse
1570 1702 1839 1758 perfectum,

116 1790 204 1822 suo
230 1779 328 1822 iure
358 1778 643 1821 mentionem
681 1777 890 1819 omnium
927 1776 1094 1818 harum
1131 1788 1284 1819 rerum
1323 1774 1621 1817 desideraret.
1678 1774 1841 1816 Nonne

117 1850 250 1894 facile
279 1854 350 1893 est
381 1850 494 1892 alios
523 1849 664 1891 libros
693 1848 895 1891 indicare
927 1861 1033 1890 cum
1064 1846 1259 1889 aliorum
1289 1850 1533 1889 auctorum
1564 1850 1668 1887 tum
1698 1845 1841 1901 ipsius

119 1922 356 1966 Plutarchi
387 1922 436 1966 in
471 1921 639 1977 quibus
673 1920 845 1962 frustra
878 1905 957 1961 ill‘a
991 1919 1210 1974 quaeras?
1249 1918 1339 1960 Cur
1371 1917 1478 1960 huic
1511 1917 1630 1959 libro
1664 1916 1842 1959 crimini

117 1993 214 2044 deS,
240 1993 366 2050 quod
390 1993 440 2035 in
465 1992 566 2035 aliis
590 1992 823 2047 ignoscas?

178 2146 494 2205 Wyttenbach
515 2151 764 2203 postquam
785 2145 999 2188 disseruit
1022 2145 1078 2187 de
1100 2144 1296 2187 materia
1316 2158 1458 2200 quam
1479 2143 1633 2185 deesse
1654 2142 1840 2193 iudicet,

120 2219 384 2276 aggreditur
413 2218 475 2262 ad
504 2219 634 2269 vitia,
668 2232 786 2275 quae
815 2218 962 2260 inesse
994 2221 1128 2273 putet
1159 2216 1395 2266 materiae,
1428 2228 1546 2271 quae
1578 2214 1722 2257 adest.

181 2291 236 2334 In
269 2290 458 2333 exordio
493 2289 723 2332 desiderat
758 2289 943 2332 criticus
979 2288 1298 2331 definitionem
1334 2287 1406 2329 vel
1441 2285 1840 2341 significationem,

121 2361 234 2420 quid
277 2362 338 2405 sit
371 2365 546 2422 ἀγωγή,
580 2362 658 2418 qui
688 2364 916 2420 ἐλεύθεροι
946 2364 1116 2414 παῖδες,
1151 2358 1337 2415 „quod'¹
1370 2357 1536 2414 inquit,
1571 2360 1652 2408 „ut
1685 2369 1843 2399 conce-

121 2433 249 2477 ditur
288 2433 357 2484 iis,
393 2433 473 2490 qui
503 2433 653 2476 obiter
679 2446 763 2475 nec
789 2446 847 2475 ex
874 2432 1093 2474 instituto
1119 2444 1215 2472 rem
1268 2433 1543 2478 memorant,
1572 2429 1639 2471 ita
1665 2428 1734 2478 iis,
1764 2428 1844 2484 qui

121 2504 179 2548 de
212 2505 299 2548 hac
331 2505 433 2561 ipsa
466 2517 513 2546 re
547 2503 824 2559 singularem
857 2502 1063 2545 libellum
1096 2501 1406 2550 conscribunt,
1443 2499 1631 2543 concedi
1664 2499 1841 2555 nequit,

122 2580 244 2619 certe
293 2576 495 2619 alienum
538 2579 608 2618 est
641 2589 669 2618 a
702 2574 937 2617 Plutarchi
970 2573 1253 2629 diligentia.’'
1291 2573 1433 2614 Recte
1466 2571 1598 2613 haec:
1634 2570 1714 2613 sed
1745 2571 1843 2626 ipse

123 2646 438 2704 Wyttenbach
484 2646 571 2690 hoc
607 2646 859 2702 ignovisset
895 2645 1126 2701 epitomae
1164 2643 1224 2686 ad
1260 2643 1506 2686 materiam
1542 2641 1844 2697 colligendam

123 2718 289 2761 factae.
315 2718 558 2761 Praeterea
582 2729 693 2760 vero
715 2721 823 2760 ante
847 2716 1001 2759 oculos
1019 2716 1272 2758 habeamus
1285 2714 1439 2756 libello
1450 2713 1724 2756 Plutarcheo
1744 2712 1843 2755 dari

123 2793 370 2846 praecepta
393 2788 455 2832 ad
479 2789 627 2832 vitam
651 2802 942 2832 communem
968 2785 1333 2836 accommodata,
1350 2799 1443 2828 non
1455 2785 1555 2828 dari
1567 2784 1843 2841 disputatio-

123 2873 232 2903 nem
264 2860 321 2903 de
351 2860 641 2917 philosophia
670 2873 754 2903 nee
776 2858 1215 2902 commentationem
1236 2858 1284 2900 in
1306 2857 1535 2900 rhetorica
1559 2860 1839 2899 versantem.
