2228 3366
1212 200 1268 243 52

393 324 536 367 τᾶλλα
596 324 678 366 ὅσα
738 323 906 372 τούτοις
968 323 1066 377 ἑξῆς
1124 321 1368 377 καταλέγει
1417 339 1448 364 π
1463 324 1489 366 ά
1511 326 1542 365 θ
1562 341 1588 380 η
1640 340 1664 365 τ
1679 340 1700 366 ε
1749 341 1777 367 κ
1797 324 1856 366 αὶ
1902 324 1930 367 ἀ
1947 324 1970 380 ῤ
1988 324 2011 378 f>
2030 341 2090 369 ω-

395 412 422 436 σ
438 396 503 450 τή
521 412 549 450 μ
569 411 595 435 α
613 411 638 436 τ
657 411 683 436 α
743 410 771 435 κ
792 410 819 434 α
837 391 850 433 ὶ
904 410 925 435 ν
945 409 967 434 ο
984 393 1051 448 σή
1070 410 1098 448 μ
1121 410 1147 435 α
1165 410 1190 436 τ
1209 409 1254 439 α,
1304 392 1439 436 ‘meede
1484 395 1556 436 τὸν
1593 394 1734 444 αὐτόν,
1777 394 1896 451 φησί,
1931 395 2089 450 τρόπον

395 465 610 519 ἀνάλογόν
659 480 754 506 τινα
787 466 891 505 πᾶσι
922 463 1090 514 τούτοις
1123 464 1200 506 καὶ
1231 465 1274 507 ἐν
1308 465 1420 520 ψυχῇ
1455 468 1617 520 λογικῇ
1653 465 1901 508 συνίσταταί
1933 481 1982 508 τε
2011 463 2091 508 καὶ
2115 496 2160 524 ,-.

395 534 677 589 ὀνομάζεται.’
714 531 814 586 Quo
847 531 946 572 loco
980 535 1244 586 comparato
1279 545 1383 574 cum
1416 531 1483 580 iis,
1521 544 1637 586 quae
1668 531 1938 574 Plutarchus
1961 531 2095 582 dicit,

395 602 523 644 facile
573 602 673 657 quis
713 601 942 659 concedet,
982 602 1218 657 utriusque
1256 602 1395 644 verba
1431 603 1812 645 necessitudinem
1850 602 2087 658 quandam

394 673 679 728 perspicuam
717 671 965 722 ostendere,
997 686 1101 714 curn
1131 672 1254 728 quod
1279 673 1336 715 ad
1361 673 1455 715 vim
1478 673 1743 722 sententiae,
1764 677 1864 715 tum
1885 673 2008 729 quod
2028 671 2090 717 ad

394 743 636 785 verborum
666 757 812 785 usum.
842 743 1045 798 Uterque
1060 743 1180 787 enim
1196 744 1334 785 animi
1351 743 1544 785 affectus
1560 747 1681 804 πάθη
1699 748 1743 785 et
1762 737 2089 804 οἰρρ(,,)σιι-ήε,ι,αη,-οιΓ

393 814 618 863 nominat,
635 827 771 869 quem
799 827 932 855 usum
963 814 1172 856 vocabuli
1201 829 1244 869 q.
1275 827 1312 856 e.
1344 817 1607 874 ἀρρώστημα
1627 814 1829 856 Stoicum
1846 814 1981 856 fuisse
1997 827 2090 858 non

394 885 540 926 solum
554 885 639 926 hoc
654 884 811 926 Galeni
828 884 926 926 loco
944 889 1087 939 patet,
1105 898 1263 926 verum
1278 885 1418 926 etiam
1435 899 1461 927 a
1479 875 1726 927 CICERONE
1745 884 2005 927 affirmatur
2018 874 2093 937 his

394 955 542 997 verbis
555 956 597 1010 21)
640 955 741 1004 „Ex
771 955 1191 1010 perturbationibus
1211 959 1368 997 autem
1387 955 1584 1010 primum
1600 955 1746 997 morbi
1769 942 2087 1006 conficiuntur,

394 1039 509 1080 quae
555 1030 722 1067 vocant
765 1025 829 1066 illi
879 1025 1049 1080 (Stoici)
1091 1029 1332 1084 νοσήματα,
1370 1022 1513 1080 eaque
1545 1039 1660 1080 quae
1690 1030 1797 1068 sunt
1827 1026 1891 1067 eis
1920 1025 2090 1068 morbis

393 1096 632 1146 contraria,
676 1109 791 1152 quae
832 1096 1003 1139 habent
1044 1095 1103 1138 ad
1129 1110 1198 1137 res
1227 1101 1373 1138 certas
1401 1096 1614 1138 vitiosam
1631 1096 1928 1138 offensionem
1947 1100 2088 1152 atque

393 1167 643 1217 fastidium,
672 1166 834 1208 deinde
861 1167 1207 1221 aegrotationes,
1239 1181 1347 1223 quae
1373 1167 1653 1223 appellantur
1678 1181 1704 1208 a
1746 1166 1905 1209 Stoicis
1947 1160 2091 1226 ἀρρω-

393 1242 609 1296 στήματα,
658 1237 817 1293 hisque
848 1237 959 1279 item
991 1237 1227 1293 oppositae
1264 1238 1517 1279 contrariae
1552 1237 1839 1279 offensiones.
1874 1238 1969 1279 Hoc
1999 1237 2089 1280 loco

393 1308 585 1351 nimium
622 1313 774 1364 operae
812 1308 1081 1350 consumitur
1117 1322 1144 1349 a
1181 1308 1353 1358 Stoicis,
1393 1308 1581 1351 maxime
1617 1322 1644 1349 a
1683 1308 1944 1364 Chrysippo,
1982 1308 2090 1351 dum

392 1378 552 1421 morbis
597 1383 825 1434 corporum
861 1382 1136 1434 comparatur
1171 1379 1415 1422 morborum
1450 1368 1593 1422 animi
1629 1378 1917 1423 similitudo.''
1961 1379 2091 1435 Quae

393 1449 533 1491 verba
558 1449 780 1491 Ciceronis
805 1449 1034 1491 affirmare
1060 1449 1274 1491 videntur
1299 1449 1533 1491 Plutarchi
1557 1450 1708 1491 locum
1733 1448 1977 1491 oriundum
1993 1461 2090 1491 esse

392 1533 417 1579 e
449 1520 601 1562 Stoica
633 1519 853 1562 doctrina.
889 1545 947 1549 —
1854 1546 1861 1553 .

402 1635 406 1639 ,
450 1589 624 1631 Deinde
664 1591 725 1647 (p.
765 1589 823 1645 7d
867 1591 981 1646 sqq.)
1019 1594 1178 1632 auctor
1215 1589 1655 1645 disputatiunculam
1694 1590 1833 1632 habet
1873 1589 1928 1632 de
1965 1603 2089 1632 com-

391 1660 538 1713 modis
576 1660 899 1715 philosophiae,
934 1685 993 1691 —
1023 1661 1175 1702 omnia
1205 1660 1295 1702 fere
1326 1661 1449 1703 nasci
1481 1664 1616 1715 putat
1638 1674 1695 1702 ex
1717 1674 1770 1702 ea
1792 1664 1922 1716 parte
1944 1659 2089 1716 philo-

391 1731 590 1786 sophiae,
639 1745 777 1786 quam
828 1731 1026 1773 ethicam
1070 1745 1302 1783 vocamus,
1350 1756 1402 1761 -
1445 1735 1630 1786 propter
1675 1744 1790 1786 quae
1828 1731 1864 1772 ei
1902 1744 2088 1786 operam

390 1801 743 1856 impendendam
786 1815 880 1843 esse
924 1802 1037 1843 vult.
1084 1802 1258 1844 Stoicos
1301 1815 1481 1857 quoque
1513 1791 1548 1842 *e
1583 1801 1730 1843 tribus
1771 1801 1992 1857 partibuS,
2039 1801 2089 1846 in

393 1885 505 1927 quas
547 1872 880 1926 philosophiam
907 1871 1173 1921 diviserunt,
1205 1872 1363 1926 logica,
1397 1872 1599 1927 physica,
1632 1872 1797 1921 ethica,
1831 1875 2088 1927 postremae

392 1942 637 2001 plurimum
682 1942 892 1984 tribuisse
939 1947 1133 1984 constat.
1188 1943 1239 1984 E.
1278 1956 1318 1997 g.
1356 1942 1481 1991 libri,
1520 1943 1600 1997 qui
1632 1942 1686 1983 de
1720 1941 1844 1987 Plac.
1876 1941 1984 1997 phil.
2017 1946 2088 1984 est

393 2017 552 2056 auctor
598 2013 743 2068 dicit2)
808 2013 982 2054 Stoicos
1044 2010 1308 2068 persuas'um
1358 2013 1444 2055 sibi
1495 2013 1660 2055 habere
1701 2017 1777 2072 τὴν
1824 2015 2090 2072 φιλοσοφίαν

392 2086 576 2140 ἄσκησιν
636 2086 748 2128 εἶναι
807 2090 885 2141 τῆς
948 2083 1116 2142 ἀρετῆς,
1156 2088 1202 2125 et
1252 2084 1420 2126 Seneca
1463 2083 1705 2138 affirmat³)
1753 2083 2089 2138 philosophiam

390 2153 595 2214 studium
630 2154 814 2196 virtutis
848 2167 956 2196 esse.
990 2154 1108 2209 Quin
1140 2154 1281 2196 etiam
1313 2154 1466 2195 Aristo
1497 2154 1632 2195 Chius
1662 2156 1912 2212 ἐπεχείρησε
1943 2157 2087 2212 λέγειν

394 2227 454 2276 ὡς
482 2227 570 2270 δέοι
597 2228 707 2282 μόνα
733 2228 789 2269 τὰ
824 2227 968 2282 ἠθικὰ
995 2231 1248 2283 φιλοσοφεῖν
1267 2227 1316 2282 4).
1358 2250 1413 2254 —

450 2295 517 2336 De
546 2295 613 2343 iis,
647 2308 762 2350 quae
791 2299 893 2336 tum
923 2295 1264 2350 praecipiuntur
1293 2294 1416 2350 apud
1448 2294 1756 2344 Plutarchum,
1789 2308 1880 2350 qua
1909 2293 2088 2336 ratione,

391 2364 558 2405 scilicet
601 2365 860 2406 hominibus
883 2365 1125 2407 ‘utendum
1167 2365 1246 2415 sit,
1285 2365 1422 2407 Stoici
1465 2378 1644 2420 quoque
1687 2365 1974 2420 scripserunt.
2019 2364 2087 2406 Ut

438 2557 468 2592 1)
515 2556 615 2586 Tusc.
640 2555 727 2592 disp.
755 2556 813 2592 IV,
840 2564 890 2592 10,
916 2564 968 2592 23,
993 2564 1039 2585 AB
1063 2556 1189 2585 Amnis
1214 2556 1280 2592 ΙΙΙ,
1304 2555 1407 2592 frgm.
1433 2564 1508 2592 424.

437 2610 468 2646 2)
519 2609 568 2638 De
595 2609 683 2648 plac.
711 2608 793 2645 phil.
822 2617 974 2645 prooem.

402 2653 407 2666 ‘
436 2661 490 2698 3)'
518 2661 581 2698 Ep.
608 2662 660 2697 89,
687 2662 716 2697 8,
742 2661 784 2690 cf.
808 2661 893 2690 ibid.
921 2670 971 2697 13.
2077 2700 2083 2706 .

435 2715 467 2750 4)
517 2714 652 2743 EUSEB.
674 2723 792 2752 praep.
814 2723 936 2750 evang.
962 2714 1037 2750 XV,
1060 2715 1111 2750 62,
1135 2720 1165 2749 7,
1188 2722 1233 2743 AB
1255 2714 1380 2743 ARNIM
1402 2713 1429 2750 1,
1450 2713 1550 2751 srgm.
1575 2721 1648 2750 353,
1670 2713 1712 2742 cf.
1736 2713 1842 2743 D1oo.
1866 2713 1999 2742 LAERT.
2023 2711 2089 2750 VI,

394 2775 467 2804 103,
484 2775 530 2801 AB
547 2767 672 2796 Annua
690 2767 825 2803 1,frgm.
836 2774 909 2803 354.
921 2767 996 2805 Hac
1011 2775 1047 2795 re
1063 2775 1145 2796 vero
1161 2767 1295 2798 Amsro
1313 2766 1459 2797 discedit
1477 2775 1496 2795 a
1511 2765 1686 2796 communi
1703 2766 1897 2795 Stoicorum
1912 2764 2088 2801 doctrina,

390 2813 434 2849 cf.
457 2828 504 2851 ΑΒ
525 2819 651 2849 Anum
673 2819 767 2856 apud
790 2819 1027 2850 PAUL.-Wlss.
1049 2819 1071 2850 i.
1090 2829 1140 2856 v.;
1163 2820 1306 2849 ZELLER
1327 2819 1394 2856 III,
1420 2827 1448 2856 1,
1472 2820 1512 2855 36
1533 2828 1608 2857 sqq.
2017 2824 2020 2826 ’
