2228 3366
976 233 1032 276 43

102 375 106 378 ·
149 355 224 398 ille
259 353 332 398 vir
368 352 623 405 „Aetatum
659 352 1052 409 progressionem’'
1089 351 1241 407 inquit
1263 352 1294 405 ¹)
1338 349 1606 400 „infantiae,
1634 350 1873 406 pueritiae,

151 424 487 470 adolescentiae
511 423 676 466 leviter
699 428 835 466 notat
865 423 1077 479 (scriptor
1100 421 1238 464 huius
1263 422 1446 478 libelli);
1472 420 1678 477 ipsarum
1703 421 1874 470 studia,

150 510 300 541 mores
327 501 375 539 et
402 494 611 546 habitus,
641 495 774 538 dotes
801 499 848 537 et
877 494 1125 537 facultates
1153 508 1246 536 non
1275 493 1487 548 attingit:
1519 493 1771 535 earumdem
1799 506 1878 535 nec

152 569 363 612 terminos
401 580 479 614 nec
518 571 667 624 partes
706 566 802 609 suis
841 566 977 608 annis
1017 564 1294 621 significat.''
1346 565 1408 606 At
1467 564 1777 620 Chrysippum
1828 564 1876 606 in

149 638 304 683 libello
346 639 443 699 περὶ
478 641 797 698 παιδοτροφίας
847 637 904 679 de
949 641 1159 679 aetatum
1190 636 1504 691 progressione
1534 636 1663 692 loqui
1692 648 1876 698 necesse

149 724 244 755 non
267 715 383 767 erat,
411 710 583 767 quippe
608 723 713 752 cum
737 708 955 751 scriberet
982 708 1039 750 de
1064 721 1159 750 una
1182 707 1322 750 modo
1346 721 1404 749 ex
1426 708 1481 749 iis
1506 708 1732 762 partibus,
1759 707 1875 749 satis

120 781 124 786 ’
150 783 246 826 iam
269 782 581 826 determinata
605 784 878 837 argumento
903 780 1021 822 libri.
1052 780 1217 835 Itaque
1242 792 1393 834 neque
1418 779 1507 828 ille,
1535 779 1743 834 quisquis
1769 779 1873 828 fuit,

151 855 232 911 qui
252 854 487 911 epitomen
508 853 736 908 excerpsit
759 866 816 894 ex
838 866 891 894 eo
913 851 1082 900 libello,
1106 851 1242 893 huius
1263 850 1327 892 rei
1349 850 1634 894 mentionem
1656 850 1780 892 iecit.
1807 850 1876 892 Ea

151 936 278 976 vero,
318 937 436 982 quae
476 924 603 981 apud
644 924 947 966 Plutarchum
985 922 1178 978 legimus
1216 922 1272 964 de
1311 922 1588 965 educatione
1628 934 1876 977 puerorum

150 997 378 1039 maiorum
411 999 542 1046 natu,
579 995 828 1051 desumpta
862 999 972 1039 sunt
1006 1008 1064 1036 ex
1100 994 1201 1036 aliis
1238 994 1499 1036 Stoicorum
1535 993 1732 1049 scriptiS,
1763 1006 1875 1048 quae

149 1068 331 1112 omnino
357 1080 448 1110 non
475 1071 599 1110 erant
624 1067 676 1109 de
700 1066 972 1116 educatione,
994 1066 1074 1108 sed
1094 1065 1167 1107 hic
1186 1065 1277 1107 illic
1296 1065 1409 1107 utile
1439 1065 1552 1121 quid
1586 1065 1875 1120 praebebant

116 1134 124 1142 ’
149 1140 205 1190 ei,
226 1139 306 1196 qui
323 1142 620 1195 componeret
638 1138 771 1194 quasi
784 1137 1060 1196 florilegium
1073 1150 1233 1179 earum
1246 1137 1506 1178 Stoicorum
1520 1137 1872 1185 sententiarum,

150 1222 269 1267 quae
305 1210 411 1253 usui
444 1222 542 1252 esse
580 1209 849 1252 viderentur
883 1209 943 1251 ad
979 1222 1143 1264 pueros
1178 1207 1458 1251 educandos,
1497 1209 1657 1263 Neque
1691 1221 1750 1249 ex
1784 1207 1874 1249 illis

150 1280 278 1326 libris
306 1281 450 1338 igitur
478 1281 737 1337 exspectari
767 1285 922 1336 potest
953 1280 1120 1322 divisio
1137 1279 1518 1322 hebdomadaria.
1539 1279 1672 1321 Certe
1691 1279 1876 1321 Plutar-

151 1353 290 1396 chum
317 1353 538 1396 distincte
566 1352 652 1395 hac
680 1352 737 1394 de
764 1365 811 1394 re
840 1356 1055 1394 acturum
1083 1351 1238 1400 fuisse,
1269 1351 1305 1393 si
1332 1351 1504 1393 librum
1532 1351 1787 1406 scripsisset
1817 1351 1875 1392 de

150 1425 369 1473 universa
406 1424 697 1474 educatione,
738 1423 1086 1468 concedendum
1124 1427 1209 1465 est.
1252 1423 1294 1465 Si
1336 1423 1532 1473 libellus,
1574 1433 1711 1478 quem
1751 1436 1874 1465 nunc

151 1500 262 1539 ante
284 1495 442 1539 oculos
464 1495 705 1545 habemus,
733 1495 970 1537 Plutarchi
993 1508 1136 1537 manu
1159 1494 1357 1550 scriptus
1381 1499 1465 1544 est,
1493 1494 1618 1550 quod
1641 1494 1873 1536 neminem

150 1567 388 1624 hucusque
437 1567 720 1623 argumentis
754 1566 868 1609 satis
903 1566 1049 1608 firmis
1086 1565 1495 1621 probabilibusque
1529 1578 1718 1621 negasse
1753 1565 1873 1608 infra

150 1638 496 1689 demonstrabo,
539 1652 691 1682 nonne
713 1638 820 1680 inde
842 1638 1064 1693 suspicari
1087 1637 1209 1687 licet,
1233 1650 1340 1679 eum
1363 1636 1570 1678 libellum
1592 1636 1730 1678 fuisse
1753 1636 1876 1678 inter

151 1710 479 1755 annotationes
508 1710 632 1752 eius?
669 1710 757 1752 Sed
788 1709 875 1751 hac
907 1709 964 1752 de
994 1722 1041 1750 re
1074 1713 1251 1764 postea.

211 1852 380 1909 Opinio
401 1864 520 1903 mea,
551 1852 861 1909 Chrysippum
874 1853 930 1895 de
949 1852 1098 1908 prima
1119 1852 1259 1894 modo
1279 1864 1526 1907 puerorum
1542 1855 1697 1894 aetate
1712 1851 1873 1906 egisse,

135 1936 244 1969 ·non
261 1924 405 1979 egisse
421 1924 479 1967 de
498 1924 714 1967 universa
731 1924 1022 1974 educatione,
1043 1928 1096 1966 ut
1114 1924 1145 1966 ii
1162 1923 1464 1973 arbitrantur,
1486 1923 1564 1978 qui
1582 1923 1669 1965 sibi
1686 1936 1874 1978 persua-

150 1999 308 2038 serunt
334 1994 504 2038 librum
532 1996 868 2052 Chrysippeum
894 1996 1169 2051 inscriptum
1196 1995 1333 2037 fuisse
1359 1996 1456 2054 περὶ
1477 1998 1646 2041 παίδων
1665 1997 1872 2053 ἀγωγῆς,

151 2065 377 2110 affirmari
420 2081 551 2124 posse
596 2067 784 2110 videtur
825 2071 1114 2123 argumento,
1159 2067 1285 2123 quod
1325 2067 1535 2109 nondum
1576 2067 1624 2108 in
1667 2066 1872 2109 medium

152 2138 341 2194 protuli,
375 2152 482 2181 cum
513 2153 607 2182 non
638 2139 865 2182 eiusmodi
898 2138 973 2189 sit,
1008 2143 1061 2181 ut
1096 2139 1300 2194 opinioni
1333 2152 1462 2180 meae
1496 2138 1724 2194 praesidio
1758 2139 1872 2180 satis

150 2209 288 2254 firmo
326 2214 461 2261 esset,
504 2211 591 2253 nisi
630 2224 686 2253 ea
726 2211 825 2254 aliis
865 2215 910 2253 et
952 2210 1253 2254 validioribus
1293 2210 1585 2253 adminiculis
1624 2210 1871 2259 niteretur;

150 2281 276 2338 quod
298 2285 624 2337 argumentum
645 2282 733 2325 hoc
754 2282 855 2325 loco
876 2296 1106 2338 exponere
1128 2283 1276 2325 iuvat.

209 2353 564 2396 GUDEMANNUS
601 2358 928 2410 praeterquam
966 2355 1092 2410 quod
1129 2354 1307 2398 invenit
1347 2353 1598 2402 vinculum,
1638 2352 1763 2408 quod
1800 2358 1871 2396 est

149 2423 271 2466 inter
318 2424 658 2486 Quintilianum
705 2429 751 2467 et
804 2425 1120 2476 Plutarchum,
1170 2426 1313 2468 etiam
1362 2425 1694 2467 animadvertit
1745 2425 1871 2480 apud

150 2494 375 2538 TACITUM
406 2495 454 2537 in
487 2496 682 2552 Dialogo
714 2496 770 2538 de
806 2496 1078 2539 Oratoribus
1112 2497 1371 2552 complures
1403 2497 1527 2539 locos
1559 2496 1661 2551 legi,
1697 2496 1776 2552 qui
1797 2510 1872 2538 co-

149 2566 372 2609 haereant
390 2579 495 2610 cum
515 2567 751 2610 Plutarchi
770 2569 936 2610 verbis.
957 2569 1060 2624 Qua
1076 2568 1131 2610 de
1150 2581 1196 2610 re
1213 2568 1326 2611 haec
1343 2569 1389 2610 in
1407 2567 1612 2610 medium
1632 2566 1805 2624 profert
1820 2569 1867 2623 :²)

154 2637 300 2687 „Now
325 2638 406 2682 the
432 2639 654 2694 Dialogus
680 2639 729 2681 of
754 2639 942 2682 Tacitus
968 2640 1180 2682 contains
1206 2653 1233 2682 a
1258 2640 1455 2682 number
1481 2639 1528 2682 of
1552 2638 1742 2695 equally
1766 2640 1871 2681 stri-

150 2708 260 2764 king
292 2706 604 2752 coincidences
636 2710 747 2753 with
783 2724 997 2766 passages
1029 2712 1074 2753 in
1109 2711 1188 2753 the
1223 2711 1631 2754 Ps.—Plutarchean
1664 2711 1867 2753 treatise.

197 2822 227 2859 1)
278 2832 311 2860 1>—
334 2832 386 2860 39·

191 2876 226 2913 2)
278 2886 311 2914 p.
336 2877 392 2907 CI.
