2228 3366
953 183 1009 226 33

185 305 360 362 Quodsi
385 308 582 360 uterque
609 308 772 347 auctor
799 303 1043 359 Chrysippi
1071 302 1222 345 verbis
1249 316 1303 345 eo
1330 301 1561 345 adductus
1591 306 1684 352 est,
1714 307 1767 344 ut
1797 302 1854 344 de

126 376 350 420 memoria
379 376 660 432 loqueretur,
697 375 1009 431 Quintilianus
1043 374 1250 430 profecto
1284 377 1571 424 contextum,
1607 387 1748 429 quern
1780 374 1855 415 ille

125 447 418 497 exhibuerat,
451 447 674 497 servavit,
708 447 881 502 quippe
913 460 1019 488 curn
1051 449 1159 501 agat
1191 445 1248 487 de
1279 445 1503 487 memoria
1533 445 1741 495 infantis,
1775 446 1854 501 qui

126 519 215 562 sub
256 519 516 562 nutricibus
560 518 714 575 degat,
761 518 834 560 vel
877 518 999 562 inter
1041 517 1208 566 lusum,
1254 517 1525 561 moderante
1570 517 1852 572 paedagogo,

126 590 300 635 discere
322 590 533 646 incipiat,
559 590 608 633 id
633 589 759 646 quod
785 589 1097 645 Chrysippum
1121 601 1307 644 quoque
1334 588 1492 630 fecisse
1517 588 1564 630 in
1590 588 1746 630 libello
1770 602 1853 630 suo

125 652 493 722 exspectandum
531 666 647 712 erat,
689 675 795 704 cum
835 660 1023 717 quidem
1063 660 1281 702 scriberet
1306 661 1404 718 περὶ
1437 662 1768 719 παιδοτροφίας,
1797 659 1854 702 de

125 733 377 777 liberorum
416 733 590 790 primae
631 733 787 776 aetatis
826 732 1115 774 educatione.
1158 731 1221 774 At
1263 730 1540 773 Plutarchus
1581 731 1854 773 memoriam
1888 785 1895 792 Ω

125 805 433 865 exercendam
459 818 557 847 esse
577 809 680 847 tum
700 804 901 860 primum
921 803 1158 852 admonet,
1180 790 1286 844 cum
1306 815 1421 858 puer
1438 802 1624 846 initium
1645 801 1853 844 discendi

125 876 221 920 iam
277 876 436 919 fecerit
479 875 636 932 „apud
675 878 960 924 διδάσκαλον,
1002 874 1141 930 idque
1183 874 1352 916 comite
1394 873 1679 929 paedagogo,
1731 886 1854 916 anno

126 947 220 990 fere
238 947 486 1004 septimo‚''
506 951 560 990 ut
580 946 932 1003 Wyttenbachii
951 946 1106 988 verbis
1123 950 1246 987 utar.
1269 945 1370 987 Hac
1390 945 1446 987 de
1466 958 1512 986 re
1531 945 1696 987 eodem
1714 944 1854 988 modo

123 1019 429 1063 iudicandum
451 1032 549 1062 esse
573 1019 762 1062 videtur
785 1032 838 1061 ac
861 1018 917 1060 de
941 1018 1043 1060 loco
1067 1030 1207 1072 supra
1230 1021 1458 1059 tractato:
1485 1020 1644 1058 utrum
1673 1016 1854 1058 Plutar-

125 1091 240 1134 chus
262 1091 362 1147 ipse
386 1091 510 1133 hunc
535 1090 744 1134 ordinem
769 1090 964 1132 mutarit
990 1103 1050 1133 an
1075 1088 1271 1138 libellus,
1300 1088 1388 1144 qui'
1405 1088 1446 1129 ei
1472 1088 1592 1130 fonti
1616 1092 1732 1137 erat,
1758 1088 1853 1130 iarn

123 1162 255 1206 illum
292 1162 502 1205 ordinem
538 1162 794 1218 praeberet,
832 1161 960 1204 haud
996 1161 1087 1203 dici
1124 1164 1301 1216 potest;
1341 1159 1655 1215 Quintilianus
1693 1163 1852 1201 autem

124 1234 222 1277 sine
258 1233 403 1277 dubio
440 1233 685 1290 Chrysippi
723 1232 928 1288 opinioni
966 1231 1232 1281 assentitur,
1274 1230 1552 1273 Plutarchus
1589 1244 1684 1273 non
1721 1230 1849 1281 item,

122 1304 175 1350 id
201 1305 329 1362 quod
362 1305 629 1350 mirandum
663 1319 757 1350 non
792 1308 878 1354 est,
916 1318 1023 1346 cum
1058 1303 1199 1353 locus,
1238 1316 1330 1358 quo
1355 1315 1504 1344 sermo
1521 1315 1622 1344 esse
1637 1301 1776 1344 debet
1795 1301 1851 1343 de

124 1377 363 1427 memoria,
412 1376 836 1420 accommodandus
884 1376 942 1418 sit
991 1375 1052 1418 ad
1099 1378 1318 1424 aetatem,
1368 1388 1461 1430 qua
1506 1373 1852 1418 institutionem

123 1448 256 1505 pueri
287 1448 477 1491 initium
510 1461 674 1504 capere
708 1451 1102 1504 uterque.auctor
1135 1445 1254 1488 vult.

182 1520 447 1564 Afferamus
480 1520 673 1563 tertium
706 1509 986 1574 exemplum.

182 1591 252 1634 De
279 1591 565 1647 castigatione
592 1591 906 1646 Quintilianus
932 1590 1045 1633 haec
1072 1589 1211 1631 modo
1238 1588 1372 1631 dicit:

124 1662 162 1713 Ι,
182 1674 316 1718 3,]4.
337 1662 510 1717 „Caedi
530 1676 639 1705 vero
658 1662 892 1712 discentis,
914 1661 1172 1717 quamlibet
1187 1664 1234 1702 et
1248 1648 1487 1715 receptum
1500 1659 1559 1701 sit
1572 1663 1619 1701 et
1636 1659 1850 1715 Chrysip-

123 1747 210 1790 pus
244 1747 340 1776 non
373 1734 622 1790 improbet,
659 1734 847 1778 minime
884 1733 1038 1782 velim,
1077 1732 1281 1788 primum
1317 1731 1428 1787 quia
1463 1730 1670 1773 deforme
1707 1735 1849 1786 atque
1914 1755 1917 1759 -

122 1805 287 1848 servile
322 1810 393 1848 est
429 1810 477 1848 et
514 1810 637 1848 certe
679 1805 821 1861 (quod
857 1805 1091 1854 convenit,
1129 1804 1165 1846 si
1203 1807 1410 1845 aetatem
1446 1803 1614 1858 mutes)
1658 1802 1846 1845 iniuria:

121 1877 289 1922 deinde
315 1877 458 1934 quod,
485 1877 523 1920 si
550 1875 624 1919 cui
651 1882 751 1919 tam
776 1882 846 1919 est
873 1890 1004 1918 mens
1030 1875 1295 1925 inliberalis,
1323 1879 1376 1917 ut
1404 1874 1727 1930 obiurgatione
1755 1888 1847 1917 non

121 1949 396 2005 corrigatur,
426 1949 466 1992 is
494 1949 639 1992 etiam
669 1948 729 1991 ad
759 1948 917 2004 plagas
947 1952 1000 1990 ut
1031 1947 1230 2003 pessima
1260 1959 1471 2002 quaeque
1501 1946 1737 2001 mancipia
1766 1945 1850 1987 du-

122 2020 332 2064 rabituf’
367 2007 407 2063 e.
440 2035 485 2077 q.
517 2034 553 2063 s.

181 2092 460 2136 Plutarchus
486 2093 599 2135 haec
628 2092 763 2134 dicit:

179 2178 280 2220 cap.
316 2177 368 2207 12
400 2178 444 2220 p.
478 2164 504 2207 8
534 2164 566 2207 f.
604 2167 800 2211 Κάκεῖνό
835 2183 961 2223 φημι,
994 2167 1084 2209 δεῖν
1116 2166 1214 2215 τοὺς
1246 2165 1406 2215 παῖδας
1442 2164 1513 2207 ἐπὶ
1534 2164 1592 2207 τὰ
1621 2164 1742 2207 καλὰ
1758 2167 1842 2207 τῶν

119 2239 471 2296 ἐπιτηδευμάτων
520 2241 640 2296 ἄγειν
674 2239 954 2295 παραινέσεσι
986 2237 1062 2282 καὶ
1094 2236 1299 2295 λόγοιςξ)
1334 2237 1393 2292 μὴ
1425 2236 1488 2292 μὰ
1520 2235 1609 2278 Δία
1643 2238 1841 2291 πληγαῖς

119 2310 220 2369 μηδ’
265 2310 505 2367 αἰκισμοῖς.
554 2311 681 2354 δοκεῖ
740 2311 825 2368 γάρ
869 2327 951 2353 που
1000 2312 1140 2353 ταῦτα
1167 2312 1259 2359 τοῖς
1287 2308 1459 2358 δούλοις
1495 2310 1661 2363 μᾶλλον
1700 2307 1728 2362 ἢ
1750 2309 1842 2356 τοῖς

120 2383 369 2439 ἐλευθέροις
394 2383 570 2439 πρέπειν
596 2400 640 2426 κ.
666 2400 706 2426 τ.
741 2387 782 2425 λ.

181 2451 535 2507 Quintilianum,
563 2464 682 2507 quae
708 2450 764 2492 de
790 2450 1094 2505 castigatione
1121 2449 1406 2504 Chrysippus
1426 2447 1659 2502 scripserit
1677 2456 1843 2502 cogno-

119 2523 242 2566 visse
258 2536 317 2565 ex
348 2518 494 2579 ipsius
511 2522 665 2564 verbis
684 2527 893 2578 apparet.
914 2522 1019 2564 Non
1036 2525 1197 2563 autem
1214 2520 1403 2563 omnino
1422 2533 1528 2561 cum
1546 2532 1600 2560 eo
1618 2518 1746 2564 facit:
1768 2518 1842 2559 ille

121 2594 251 2637 caedi
274 2607 440 2650 pueros
463 2608 555 2637 non
579 2594 830 2650 improbat,
855 2593 930 2635 hic
954 2593 1090 2649 plane
1112 2592 1364 2648 improbat.
1392 2591 1493 2633 Hac
1516 2590 1564 2633 in
1587 2603 1634 2631 re
1662 2590 1844 2631 Plutar-

121 2665 234 2708 chus
266 2679 294 2708 a
317 2665 590 2721 Quintiliani
614 2665 824 2721 partibus
848 2669 964 2707 stat:
991 2664 1176 2720 utrique
1201 2663 1387 2706 videtur
1410 2661 1654 2717 castigatio
1679 2660 1841 2703 servile

168 2835 199 2872 1)
251 2834 318 2864 Pro
334 2843 419 2864 voce
436 2843 468 2872 q.
485 2843 514 2864 e.
531 2828 663 2876 λόγοις
682 2834 871 2863 HARTMAN
887 2834 971 2871 legit
987 2826 1134 2875 ψόγοις.
1154 2833 1322 2862 Mnemos.
1344 2840 1441 2868 1909,
1461 2832 1536 2867 161,
1557 2839 1653 2867 1912,
1673 2830 1747 2866 248.

162 2908 197 2940 S.
1773 2915 1790 2943 3
