2228 3366
1209 235 1264 277 60

390 359 476 402 hoc
510 374 602 403 non
637 361 722 402 nisi
759 361 818 403 ad
854 375 1007 403 meum
1042 362 1154 403 mihi
1190 375 1374 404 sensum
1409 362 1520 405 satis
1555 363 1699 405 erat.”
1738 363 1858 406 Tum
1894 362 2093 419 primum

391 436 660 486 argumenta
692 431 944 486 indagavit,
980 436 1032 474 ut
1067 433 1165 474 aliis
1199 446 1380 491 quoque
1414 433 1718 488 persuaderet.
1755 434 1949 477 Nostrae
1982 447 2092 478 vero

391 501 446 543 de
477 501 626 543 libello
658 502 860 556 opinioni
892 503 970 558 qui
1001 517 1208 545 assensus
1239 504 1338 553 erit,
1373 503 1548 546 videbit
1580 508 1848 559 argumenta
1878 505 2091 560 Wytten-

390 572 614 613 bachiana
642 586 809 627 magna
836 586 893 614 ex
922 578 1051 628 parte
1080 573 1307 616 debilitari
1337 587 1480 630 posse,
1511 588 1594 618 nec
1622 574 1714 617 alia
1741 589 1833 617 non
1862 584 2114 618 occurrere

387 642 659 697 exploranti,
686 657 802 698 quae
824 644 1025 694 indicent
1048 645 1189 700 ipsius
1214 645 1446 687 Plutarchi
1469 659 1671 687 manum.
1698 646 1907 688 Fortasse
1930 645 2092 689 melius

388 717 521 768 putet
557 714 656 769 quis
691 714 814 769 prius
848 715 959 756 haec
993 728 1275 758 enumerare:
1312 716 1443 758 nobis
1478 729 1585 757 vero
1619 715 1868 758 defensoris
1901 727 2091 759 munere

389 782 670 838 fungendum
718 789 800 834 est,
838 785 962 840 quod
994 799 1047 827 eo
1082 786 1257 828 facilius
1291 787 1575 841 suscipimus,
1612 800 1703 841 quo
1737 786 1874 828 altius
1908 792 2091 843 perspe-

389 854 538 896 ximus
593 855 810 910 originem
859 869 911 897 ac
950 860 1165 898 naturam
1203 856 1341 898 libelli
1378 871 1470 899 non
1503 870 1606 899 eam
1639 870 1747 906 esse,
1785 870 1927 913 quam
1960 855 2091 913 Wytss

387 925 586 966 tenbach
620 926 866 980 putaverit.

446 1055 728 1109 Argumenta
766 1055 1077 1111 Wyttenbach
1114 1049 1279 1098 dividit
1316 1057 1363 1099 in
1401 1060 1589 1099 externa
1625 1061 1670 1098 et
1708 1057 1900 1099 interna.
1934 1057 2091 1100 Unum

387 1125 524 1167 modo
555 1130 875 1180 argumentum
905 1131 1147 1172 externum
1178 1127 1332 1177 affert,
1365 1127 1437 1169 cui
1466 1141 1523 1169 ne
1552 1128 1647 1182 ipse
1678 1127 1863 1183 quidem
1891 1127 2091 1170 multum

387 1195 564 1245 tribuit,
604 1196 835 1238 silentium
873 1197 973 1239 dico
1012 1202 1233 1239 veterum.
1275 1197 1415 1240 Haud
1453 1211 1559 1240 vero
1597 1197 1789 1239 dubium
1826 1211 1920 1240 esse
1958 1201 2087 1253 puto,

385 1267 498 1322 quin
527 1266 703 1308 libellus
732 1281 824 1309 non
854 1268 1015 1310 statim
1045 1282 1138 1312 una
1167 1282 1272 1310 cum
1301 1268 1399 1311 aliis
1431 1269 1663 1311 Plutarchi
1693 1268 1904 1324 operibus
1933 1267 2086 1311 editus

386 1337 445 1378 sit
457 1349 467 1386 ;
491 1342 650 1392 postea
670 1351 775 1379 eum
797 1338 1008 1380 additum
1029 1352 1123 1380 esse
1144 1352 1168 1379 e
1190 1332 1382 1394 scriptis,
1407 1352 1523 1394 quae
1546 1343 1648 1394 post
1671 1339 1870 1381 auctoris
1889 1335 2087 1381 mortem
2136 1333 2139 1334 ⁷

390 1407 580 1450 inventa
613 1408 717 1457 sint,
757 1409 851 1450 veri
886 1409 1029 1450 simile
1064 1413 1147 1451 est.
1186 1409 1260 1451 Ita
1290 1409 1467 1451 factum
1494 1414 1579 1462 est,
1597 1413 1652 1452 ut
1670 1409 1748 1451 din
1761 1409 1939 1452 lateret.
1959 1409 2090 1452 Anti-

385 1478 656 1532 quissimum
678 1479 773 1521 eius
797 1479 1040 1534 vestigium
1062 1484 1241 1522 exstare
1265 1480 1375 1522 dicit
1399 1480 1745 1535 Wyttenbaeh1)
1770 1480 1818 1522 in
1842 1479 2089 1522 Sententiis

387 1549 581 1590 ΜΑΧΙΜΙ
606 1554 651 1591 et
677 1550 940 1605 ANT0N11.2)
970 1551 1190 1595 Attamen
1214 1551 1355 1593 etiam
1379 1550 1452 1592 ille
1478 1551 1641 1593 doctus
1655 1550 1908 1593 viriudicat
1922 1550 2089 1592 librum

384 1620 608 1674 scriptum
630 1633 728 1661 esse
754 1620 986 1663 Plutarchi
1012 1621 1294 1676 temporibus
1321 1626 1514 1676 „utpote
1540 1621 1862 1666 abhorrentem
1887 1620 1947 1663 ab
1969 1619 2089 1664 illius

386 1690 530 1744 magis
566 1691 845 1745 proprietate
881 1705 1021 1746 quam
1057 1692 1256 1734 aetate.'’
1295 1692 1434 1734 Porro
1470 1696 1605 1747 putat
1640 1691 1844 1733 libellum
1878 1695 1999 1733 certe
2032 1691 2088 1733 iis

387 1760 694 1802 voluminibus
713 1762 1087 1804 Plutarcheorum
1104 1762 1336 1812 librorum,
1357 1762 1523 1818 quibus
1541 1763 1759 1805 SOPATER
1773 1766 1820 1804 et
1838 1762 2090 1804 STOBAEUS'

386 1831 455 1872 usi
510 1832 615 1880 sint,
657 1832 863 1874 nondum
903 1832 1115 1875 additum
1155 1833 1307 1875 fuisse.
1350 1834 1390 1875 A
1428 1837 1592 1875 neutro
1631 1833 1754 1891 enim
1792 1835 2085 1874 memoratur.

387 1902 561 1943 Hocine
602 1906 758 1944 autem
796 1903 950 1957 magni
989 1904 1210 1945 momenti
1248 1904 1344 1946 est?
1389 1903 1509 1959 Quid
1547 1904 1583 1945 si
1622 1902 1975 1945 memoraretur?
2018 1902 2088 1944 Ea

386 1986 523 2014 causa
549 1973 723 2023 fuisset,
752 1987 833 2015 cur
859 1974 1170 2029 Wyttenbach
1195 1987 1301 2015 eum
1328 1974 1533 2030 spurium
1558 1987 1651 2017 non
1678 1973 2000 2015 arbitraretur?
2032 1973 2086 2015 In

387 2044 591 2086 SOPATRI
635 2045 848 2100 epitomis
892 2045 1142 2087 exstabant
1187 2045 1273 2087 loci
1320 2046 1388 2087 De
1436 2045 1775 2100 Fluminibus,³)
1824 2044 1926 2086 libri
1962 2043 2087 2100 apud

387 2115 662 2165 STOBAEUM‚
698 2116 803 2158 licet
836 2130 1002 2158 nomen
1033 2116 1266 2158 Plutarchi
1297 2130 1389 2158 non
1422 2115 1725 2165 additum'sit‚
1744 2115 1909 2170 legitur
1921 2114 2085 2157 locuse

387 2185 704 2230 Consolatione
735 2186 795 2228 ad
824 2187 1168 2242 Apollonium‚4)
1203 2200 1399 2242 quorum
1428 2187 1648 2229 librorum
1684 2190 1876 2241 uterque
1906 2186 2085 2241 spurius

385 2256 631 2311 habetur.⁵)
653 2257 742 2298 Cur
752 2261 908 2299 autem
920 2257 1167 2312 Wyttenba
1175 2257 1231 2299 ch
1242 2258 1522 2301 mentionem
1533 2257 1672 2300 faciat
1684 2260 1892 2299 veterum
1903 2255 2084 2307 silentii,

386 2340 477 2369 non
490 2327 717 2382 intellego,
737 2328 906 2383 quippe
918 2329 994 2383 qui
1009 2328 1374 2370 Consolationem
1384 2328 1509 2370 illam
1523 2328 1582 2370 ad
1594 2327 1887 2383 Apollonium
1898 2327 2084 2372 omnino

385 2411 478 2439 non
509 2398 710 2452 spuriam
742 2412 836 2440 esse
869 2403 1064 2448 censeat,
1100 2412 1384 2454 quamquam
1416 2398 1500 2440 hoc
1533 2398 1588 2440 de
1619 2398 1748 2447 libro,
1782 2397 1868 2439 nisi
1899 2397 2084 2439 Stobaei

384 2467 496 2517 loco,
540 2472 642 2510 tota
671 2469 925 2524 antiquitas
953 2470 1069 2512 silet.
1103 2470 1196 2519 „Es
1223 2470 1283 2511 ist
1313 2469 1454 2511 daher
1480 2468 1832 2524 eigentiimlich'’
1863 2467 2084 2510 Weissen—

431 2599 462 2636 1)
511 2607 541 2628 o.
565 2599 585 2628 l.
608 2609 643 2637 p.
668 2608 719 2636 34·

429 2652 461 2688 2)
511 2651 584 2681 Has
603 2653 796 2683 sententias
821 2652 1020 2683 WYTTENB.
1043 2656 1146 2690 putat
1167 2653 1316 2690 scriptas
1336 2661 1409 2683 esse
1429 2661 1517 2683 saec.
1543 2652 1587 2689 X;
1607 2652 1648 2682 K.
1669 2652 1942 2689 KRUMBACHER,
1960 2652 2083 2684 Gesch.

383 2703 446 2734 der
463 2704 541 2741 byz.
564 2704 647 2734 Litt.
670 2714 702 2742 p.
725 2706 788 2741 689
809 2705 995 2736 ΜΑΧιΜυΜ
1016 2714 1104 2735 saec.
1128 2706 1194 2735 VII
1216 2706 1419 2737 ANTomUM
1440 2714 1528 2736 saec.
1552 2705 1603 2735 XI
1624 2705 1751 2736 vixisse
1772 2705 1975 2736 arbitratur.

365 2788 370 2792 ,
431 2757 462 2793 3)
513 2757 613 2787 Phot.
640 2758 806 2788 Biblioth.
831 2758 913 2788 Cod.
939 2758 1073 2795 CLXV,
1098 2759 1141 2788 cf.
1166 2759 1369 2791 erzmn.
1395 2767 1427 2796 p.
1453 2766 1504 2795 35.

428 2810 462 2846 4)
510 2811 547 2840 P.
570 2818 665 2846 1032.
686 2810 790 2841 STOB.
813 2811 901 2841 Flor.
923 2820 952 2847 3,
972 2812 1024 2847 48.

429 2863 462 2899 5)
511 2862 561 2892 Ct.
581 2863 915 2900 WEISSENBERGER‚
934 2873 965 2901 p.
986 2873 1027 2901 44
1044 2873 1131 2902 sqq.,
1151 2873 1183 2901 p.
1204 2865 1244 2900 89
1260 2873 1336 2902 sqq.
1355 2863 1650 2894 Cfflusr-Scnmn
1668 2864 1715 2900 II,
1736 2855 1782 2901 15,
1801 2872 1832 2901 p.
1853 2864 1931 2900 385.
