2228 3366
1201 205 1257 249 50

387 326 485 372 καὶ
569 327 810 382 μελέτης
883 327 1162 383 τυχόντας
1309 328 1631 384 ἐπιτηδεύματα
1661 329 1733 384 μὲν
1751 345 1844 373 τινα
1862 332 1948 373 τῶν
1963 329 2081 375 οὕτω

385 400 558 454 ὀρθῆς
606 398 737 452 πρὸς
766 397 965 452 ἀρετὴν
1001 398 1082 440 οὐκ
1115 399 1163 440 ἂν
1308 399 1565 454 πεφυκότων
1605 400 1723 454 παρὰ
1765 401 1866 451 τοὺς
1911 401 2083 456 ἑτέρους

385 470 458 524 τὴν
498 473 572 524 τῆς
617 469 783 523 φύσεως
832 468 1071 511 ἐλάττωσιν
1104 468 1162 518 εἰς
1308 468 1570 512 ἐνδείκνυται
1614 471 1870 527 τελειότητα
1900 471 1946 515 δὲ
1978 470 2077 515 κατ’

384 539 713 595 τούνδεχόμενον
745 539 1026 594 ἀναδραμεῖν,
1053 539 1162 582 ἴστω
1307 540 1461 595 ἀρετὴν
1494 539 1583 582 οὐδ’
1610 541 1800 596 ἡντινοῦν
1813 543 1899 585 τῶν
1915 542 2083 598 ἄμεινον

385 613 566 656 πολλοῦ,
616 612 781 665 μᾶλλον
814 610 860 653 δὲ
892 612 968 653 τοῦ
1001 611 1164 661 παντὸς
1308 611 1473 666 (ρὐτων
1519 614 1782 668 κατηγορεῖ,
1827 612 1958 655 ὁπότε
2005 610 2083 655 καὶ

386 681 706 736 διαμαρτάνων.
765 681 996 735 φύσεως
1059 681 1163 736 μὲν
1308 681 1574 732 οἱκακῶς
1602 682 1927 737 πεφυκότες
1952 682 2083 738 πρὸς

384 752 487 807 γὰρ
534 751 756 806 ἀρετὴν
800 751 1163 807 διαφθείρει
1307 752 1522 807 ἀρετὴν
1553 756 1657 807 τῆς
1688 753 2084 809 προσηκούσης

386 821 678 878 ῥᾳθυμία,
712 821 1161 878 φαυλότηταδ’ἐπαν-
1307 823 1582 872 παιδείας
1662 824 1940 879 τυχόντες
2024 823 2085 874 ὡς

387 895 514 948 ορθοῖ
561 893 733 948 διδαχή·
797 891 875 935 καὶ
936 892 1003 935 τὰ
1063 893 1163 947 μὲν
1308 892 1464 935 ἐπίπαν
1513 892 1862 949 καλοκάγαθίας
1906 895 2084 950 ἤνυσαν,

387 964 569 1019 ῥᾴδια
609 963 741 1013 τοὺς
774 963 1162 1017 ἀμελοῦντας
1306 963 1383 1006 καὶ
1415 964 1469 1006 αὖ
1501 964 1558 1007 τὰ
1590 963 1759 1007 ἐναντία
1801 964 1856 1007 οἱ
1900 964 2083 1022 ἐπιτη-

386 1034 490 1089 φεύ
513 1049 623 1089 γει,
669 1034 726 1076 τὰ
773 1034 819 1075 δὲ
854 1033 1032 1089 χαλεπὰ
1063 1037 1163 1083 ταῖς
1307 1025 1498 1083 δείως
1543 1035 1793 1090 φύντες-
1833 1034 2084 1091 ἀμελείᾳ

384 1103 650 1160 ἐπιμελείαις
687 1103 930 1147 ἁλίσκεται.
1041 1162 1045 1165 ἡ
1309 1106 1586 1159 γεγόνασι
1630 1104 1816 1148 κακοί.

443 1207 723 1263 Quibuscum
753 1207 893 1249 etiam
923 1207 1034 1250 haec
1065 1206 1337 1250 conferenda
1367 1212 1494 1250 sunt:

442 1279 581 1320 D1oc.
626 1278 801 1319 LAERT.
847 1277 952 1327 VII,
994 1290 1062 1333 91,
1092 1277 1151 1320 ab
1178 1278 1337 1320 Arnim
1365 1278 1452 1328 III,
1481 1278 1611 1333 frgm.
1642 1291 1744 1332 223:
1776 1282 2000 1338 “διδακτήν
2031 1299 2081 1326 τε

384 1352 495 1395 εἶναι
543 1351 678 1406 αὐτὴν
727 1351 869 1406 (λέγω
918 1351 964 1394 δὲ
1010 1352 1088 1407 τὴν
1129 1352 1301 1407 ἀρετὴν)
1348 1350 1709 1407 καὶηΧρύσιππος
1742 1352 1786 1395 ἐν
1821 1357 1883 1409 τῷ
1917 1344 2092 1408 πρώτω

383 1421 658 1478 περὶΤέλους
695 1421 797 1478 φησί
816 1456 824 1465 .
847 1456 855 1465 .
878 1456 886 1465 .
923 1423 987 1466 ὅτι
1014 1422 1059 1465 δὲ
1092 1422 1269 1478 διδακτή
1305 1423 1397 1466 ἐστι
1427 1424 1554 1478 δῆλον
1588 1423 1651 1466 ἐκ
1682 1426 1784 1467 τοῦ
1821 1418 2084 1481 γίνεσθαι

384 1493 412 1535 ἀ
427 1510 456 1549 γ
472 1493 644 1543 αθοὺς
679 1493 738 1535 ἐκ
771 1493 1024 1548 φαύλωνῖ
1062 1490 1254 1532 SENECA
1272 1504 1342 1546 ep.
1360 1502 1429 1546 94,
1449 1503 1524 1544 30:
1547 1491 1747 1546 „ingenii
1763 1491 1828 1533 vis
1843 1491 2085 1548 praeceptis

332 1580 338 1585 ·
385 1561 520 1603 alitur
537 1565 584 1602 et
604 1561 763 1602 crescit
783 1573 1018 1616 novasque
1039 1561 1350 1616 persuasiones
1372 1560 1511 1603 adicit
1538 1562 1707 1605 innatis
1743 1565 1790 1603 et
1830 1561 2084 1617 depravata

383 1631 618 1686 corrigi†;''
659 1643 734 1684 31:
778 1635 967 1680 „nancta
1006 1645 1100 1673 vero
1141 1631 1337 1686 (indoles)
1377 1631 1652 1687 praesidium
1687 1635 1726 1673 et
1761 1631 1915 1674 adiuta
1950 1636 2079 1688 prae-

383 1701 517 1758 ceptis
553 1701 793 1744 evalescit.”

443 1807 687 1862 Indaganti
709 1807 900 1862 vestigia
922 1808 1074 1851 Stoica
1095 1812 1234 1863 caput
1259 1820 1312 1850 10
1333 1807 1567 1850 abundare
1589 1807 1821 1850 videbitur
1840 1807 2080 1850 sententiis

383 1891 408 1919 e
439 1878 694 1920 Stoicorum
724 1877 933 1920 doctrina
963 1878 1310 1933 profluentibus.

445 1948 544 1990 Iam
583 1961 699 2003 quae
737 1948 869 1990 initio
908 1949 1070 2004 capitis
1108 1949 1321 2003 leguntur
1357 1949 1413 1990 de
1451 1949 1663 2004 encycliis
1702 1962 1818 2005 quae
1857 1953 2085 1992 vocantur

385 2018 645 2074 disciplinis,
679 2019 844 2068 Stoica,
876 2032 1019 2075 eaque
1049 2019 1145 2060 sine
1175 2019 1314 2061 dubio
1345 2019 1636 2075 Chrysippea,
1669 2019 1931 2062 admonent.
1965 2020 2085 2062 Nam

385 2089 612 2131 Zenonem
649 2093 695 2131 et
732 2089 1036 2145 Chrysippum
1063 2089 1118 2131 de
1144 2090 1355 2145 encycliis
1381 2090 1628 2145 disciplinis
1654 2090 1890 2132 dissentire
1917 2089 2087 2146 Dyroff

386 2159 454 2201 his
490 2160 639 2201 verbis
675 2159 1017 2215 demonstratzl)
1059 2160 1204 2210 „Eine
1239 2160 1324 2202 der·
1354 2161 1641 2203 Differenzen
1676 2161 1897 2203 zwischen
1931 2161 2084 2203 Zenon

384 2229 480 2272 und
510 2229 799 2285 Chrysippos,
831 2230 997 2272 welche
1027 2231 1251 2286 Diogenes
1281 2231 1484 2273 Laertios
1514 2231 1710 2286 meint‚2)
1743 2231 1936 2274 bestand
1966 2230 2085 2274 wohl
2143 2262 2146 2266 -

385 2299 529 2350 darm,
569 2300 673 2342 dass
710 2300 985 2356 Chrysippos
1021 2301 1085 2343 im
1122 2301 1394 2343 Anschlusse
1431 2315 1490 2343 an
1528 2301 1833 2356 Aristoteles³)
1874 2301 2082 2351 erkffirte,

385 2371 448 2412 sie
468 2371 589 2412 seien
609 2369 727 2413 wohl
747 2371 1005 2413 brauchbar
1015 2372 1061 2427 ;4)
1086 2385 1133 2413 es
1153 2370 1306 2413 wiirde
1328 2372 1436 2414 aber
1457 2372 1602 2414 seiner
1612 2385 1783 2427 ganzen
1798 2371 2084 2427 Philosophie

384 2440 754 2496 widersprechen,
803 2442 953 2485 wollte
996 2455 1044 2483 er
1074 2442 1317 2484 denselben
1348 2442 1494 2488 neben
1529 2442 1609 2484 der
1641 2442 1926 2498 Philosophie
1957 2441 2086 2484 mehr

432 2549 462 2584 1)
512 2557 544 2585 p
566 2555 640 2584 257

430 2601 462 2637 2)
511 2601 619 2631 ono.
643 2601 979 2638 LAERT.V11,17.9

430 2654 461 2690 3)
510 2654 616 2685 DIOG.
646 2654 779 2684 [ΛΕΜ.
810 2655 850 2691 V,
881 2663 935 2691 31-
959 2646 1163 2698 εὔχρηστα
1187 2649 1228 2684 δὲ
1258 2661 1320 2684 και
1335 2661 1383 2685 τα
1396 2649 1588 2696 ἐγκύκλια
1601 2645 1829 2696 μαθήματα
1846 2649 1935 2698 πρὸς
1948 2649 2086 2698 ἀρετῆς

385 2699 576 2748 ἀνάληψιν
604 2703 705 2740 (dixit
729 2708 980 2739 Ams‘ro'rELEs
1010 2709 1069 2745 sc.)

430 2759 462 2796 4)
509 2760 908 2797 D100.LAERT.V11,
937 2769 999 2797 129
1027 2757 1131 2794 (dixit
1161 2758 1376 2795 Aristoteles)
1404 2754 1634 2803 εὐχρηστεῖν
1662 2755 1703 2790 δὲ
1734 2755 1797 2790 καὶ
1819 2755 1868 2791 ταὶ
1894 2754 2085 2802 ἐγκύκλια

384 2803 622 2856 μαθήματα.
