<?xml version="1.0" encoding="UTF-8"?>
<!DOCTYPE html PUBLIC "-//W3C//DTD XHTML 1.0 Transitional//EN"
    "http://www.w3.org/TR/xhtml1/DTD/xhtml1-transitional.dtd">
<html xmlns="http://www.w3.org/1999/xhtml" xml:lang="en" lang="en">
 <head>
  <title>
</title>
<meta http-equiv="Content-Type" content="text/html;charset=utf-8" />
  <meta name='ocr-system' content='tesseract 3.04.00' />
  <meta name='ocr-capabilities' content='ocr_page ocr_carea ocr_par ocr_line ocrx_word'/>
</head>
<body>
  <div class='ocr_page' id='page_1' title='image "./deplutarchiquife00sizouoft_0050.png"; bbox 0 0 2228 3366; ppageno 0'>
   <div class='ocr_carea' id='block_1_1' title="bbox 2049 0 2193 86">
    <p class='ocr_par' dir='ltr' id='par_1_1' title="bbox 2049 0 2193 86">
     <span class='ocr_line' id='line_1_1' title="bbox 2049 0 2193 86; baseline 0 3280"><span class='ocrx_word' id='word_1_1' title='bbox 2049 0 2193 86; x_wconf 95' lang='lat' dir='ltr'> </span> 
     </span>
    </p>
   </div>
   <div class='ocr_carea' id='block_1_2' title="bbox 1213 266 1270 317">
    <p class='ocr_par' dir='ltr' id='par_1_2' title="bbox 1213 266 1270 317">
     <span class='ocr_line' id='line_1_2' title="bbox 1213 266 1270 317; baseline 0 -8"><span class='ocrx_word' id='word_1_2' title='bbox 1213 266 1270 317; x_wconf 84' lang='lat'>38</span> 
     </span>
    </p>
   </div>
   <div class='ocr_carea' id='block_1_3' title="bbox 391 391 2154 1226">
    <p class='ocr_par' dir='ltr' id='par_1_3' title="bbox 394 391 2154 736">
     <span class='ocr_line' id='line_1_3' title="bbox 395 391 2101 450; baseline 0.007 -19"><span class='ocrx_word' id='word_1_3' title='bbox 395 395 516 433; x_wconf 85' lang='lat' dir='ltr'>ceret</span> <span class='ocrx_word' id='word_1_4' title='bbox 557 394 815 441; x_wconf 81' lang='lat' dir='ltr'>„oratorem</span> <span class='ocrx_word' id='word_1_5' title='bbox 853 391 1096 434; x_wconf 88' lang='lat' dir='ltr'>verborum</span> <span class='ocrx_word' id='word_1_6' title='bbox 1134 397 1426 449; x_wconf 85' lang='lat' dir='ltr'>actoremque</span> <span class='ocrx_word' id='word_1_7' title='bbox 1463 396 1698 450; x_wconf 85' lang='lat' dir='ltr'>rerum.&#39;’1)</span> <span class='ocrx_word' id='word_1_8' title='bbox 1740 398 1804 440; x_wconf 91' lang='lat' dir='ltr'>Ut</span> <span class='ocrx_word' id='word_1_9' title='bbox 1843 398 1995 442; x_wconf 89' lang='lat' dir='ltr'>Cicero</span> <span class='ocrx_word' id='word_1_10' title='bbox 2031 399 2101 443; x_wconf 88' lang='lat' dir='ltr'>ita</span> 
     </span>
     <span class='ocr_line' id='line_1_4' title="bbox 397 461 2154 526; baseline 0.007 -25"><span class='ocrx_word' id='word_1_11' title='bbox 397 461 709 517; x_wconf 74' lang='lat' dir='ltr'>Quintilianus</span> <span class='ocrx_word' id='word_1_12' title='bbox 741 461 947 516; x_wconf 89' lang='lat' dir='ltr'>loquitur</span> <span class='ocrx_word' id='word_1_13' title='bbox 979 462 1034 504; x_wconf 90' lang='lat' dir='ltr'>de</span> <span class='ocrx_word' id='word_1_14' title='bbox 1068 464 1434 519; x_wconf 76' lang='lat' dir='ltr'>praeceptoribus,</span> <span class='ocrx_word' id='word_1_15' title='bbox 1469 470 1521 508; x_wconf 88' lang='lat' dir='ltr'>ut</span> <span class='ocrx_word' id='word_1_16' title='bbox 1556 467 1680 521; x_wconf 89' lang='lat' dir='ltr'>apud</span> <span class='ocrx_word' id='word_1_17' title='bbox 1714 467 1842 510; x_wconf 90' lang='lat' dir='ltr'>illum</span> <span class='ocrx_word' id='word_1_18' title='bbox 1875 469 1942 512; x_wconf 88' lang='lat' dir='ltr'>ita</span> <span class='ocrx_word' id='word_1_19' title='bbox 1975 469 2116 526; x_wconf 60' lang='lat' dir='ltr'>apud*</span> <span class='ocrx_word' id='word_1_20' title='bbox 2149 510 2154 515; x_wconf 85' lang='lat'>.</span> 
     </span>
     <span class='ocr_line' id='line_1_5' title="bbox 395 532 2126 593; baseline 0.007 -21"><span class='ocrx_word' id='word_1_21' title='bbox 395 532 516 575; x_wconf 90' lang='lat' dir='ltr'>hunc</span> <span class='ocrx_word' id='word_1_22' title='bbox 546 532 699 586; x_wconf 90' lang='lat' dir='ltr'>(quem</span> <span class='ocrx_word' id='word_1_23' title='bbox 724 532 958 574; x_wconf 83' lang='lat' dir='ltr'>cardinem</span> <span class='ocrx_word' id='word_1_24' title='bbox 983 544 1134 575; x_wconf 88' lang='lat' dir='ltr'>rerum</span> <span class='ocrx_word' id='word_1_25' title='bbox 1159 546 1254 576; x_wconf 85' lang='lat' dir='ltr'>esse</span> <span class='ocrx_word' id='word_1_26' title='bbox 1278 547 1413 577; x_wconf 89' lang='lat' dir='ltr'>nemo</span> <span class='ocrx_word' id='word_1_27' title='bbox 1436 548 1528 578; x_wconf 90' lang='lat' dir='ltr'>non</span> <span class='ocrx_word' id='word_1_28' title='bbox 1553 538 1788 593; x_wconf 83' lang='lat' dir='ltr'>concedet)</span> <span class='ocrx_word' id='word_1_29' title='bbox 1816 540 2019 590; x_wconf 88' lang='lat' dir='ltr'>tertium,</span> <span class='ocrx_word' id='word_1_30' title='bbox 2045 545 2101 584; x_wconf 86' lang='lat' dir='ltr'>ut</span> <span class='ocrx_word' id='word_1_31' title='bbox 2123 557 2126 560; x_wconf 55' lang='lat'><em>⁴</em></span> 
     </span>
     <span class='ocr_line' id='line_1_6' title="bbox 395 602 2100 663; baseline 0.006 -20"><span class='ocrx_word' id='word_1_32' title='bbox 395 602 576 652; x_wconf 89' lang='lat' dir='ltr'>dicitur,</span> <span class='ocrx_word' id='word_1_33' title='bbox 616 603 972 657; x_wconf 88' lang='lat' dir='ltr'>comparationis</span> <span class='ocrx_word' id='word_1_34' title='bbox 1007 608 1076 645; x_wconf 89' lang='lat' dir='ltr'>est</span> <span class='ocrx_word' id='word_1_35' title='bbox 1115 604 1352 647; x_wconf 90' lang='lat' dir='ltr'>Phoenicis</span> <span class='ocrx_word' id='word_1_36' title='bbox 1389 606 1598 657; x_wconf 80' lang='lat' dir='ltr'>facultas,</span> <span class='ocrx_word' id='word_1_37' title='bbox 1638 621 1729 663; x_wconf 90' lang='lat' dir='ltr'>qua</span> <span class='ocrx_word' id='word_1_38' title='bbox 1763 609 1976 652; x_wconf 85' lang='lat' dir='ltr'>iuvenem</span> <span class='ocrx_word' id='word_1_39' title='bbox 2012 610 2100 653; x_wconf 84' lang='lat' dir='ltr'>sibi</span> 
     </span>
     <span class='ocr_line' id='line_1_7' title="bbox 394 673 2095 736; baseline 0.005 -22"><span class='ocrx_word' id='word_1_40' title='bbox 394 673 688 730; x_wconf 88' lang='lat' dir='ltr'>commissum</span> <span class='ocrx_word' id='word_1_41' title='bbox 721 673 923 715; x_wconf 84' lang='lat' dir='ltr'>efficeret</span> <span class='ocrx_word' id='word_1_42' title='bbox 961 678 1219 724; x_wconf 79' lang='lat' dir='ltr'>„oratorem</span> <span class='ocrx_word' id='word_1_43' title='bbox 1254 676 1498 719; x_wconf 89' lang='lat' dir='ltr'>verborum</span> <span class='ocrx_word' id='word_1_44' title='bbox 1533 682 1825 734; x_wconf 86' lang='lat' dir='ltr'>actoremque</span> <span class='ocrx_word' id='word_1_45' title='bbox 1858 681 2095 736; x_wconf 81' lang='lat' dir='ltr'>rerum.&#39;&#39;²)</span> 
     </span>
    </p>

    <p class='ocr_par' dir='ltr' id='par_1_4' title="bbox 393 743 2101 949">
     <span class='ocr_line' id='line_1_8' title="bbox 455 743 2101 802; baseline 0.007 -18"><span class='ocrx_word' id='word_1_46' title='bbox 455 743 644 785; x_wconf 83' lang='lat' dir='ltr'>Prorsus</span> <span class='ocrx_word' id='word_1_47' title='bbox 676 756 785 786; x_wconf 86' lang='lat' dir='ltr'>vero</span> <span class='ocrx_word' id='word_1_48' title='bbox 818 744 951 796; x_wconf 85' lang='lat' dir='ltr'>aliter</span> <span class='ocrx_word' id='word_1_49' title='bbox 980 757 1051 786; x_wconf 87' lang='lat' dir='ltr'>res</span> <span class='ocrx_word' id='word_1_50' title='bbox 1083 759 1129 787; x_wconf 91' lang='lat' dir='ltr'>se</span> <span class='ocrx_word' id='word_1_51' title='bbox 1160 746 1300 788; x_wconf 88' lang='lat' dir='ltr'>habet</span> <span class='ocrx_word' id='word_1_52' title='bbox 1333 747 1457 802; x_wconf 89' lang='lat' dir='ltr'>apud</span> <span class='ocrx_word' id='word_1_53' title='bbox 1491 748 1803 792; x_wconf 81' lang='lat' dir='ltr'>Plutarchum.</span> <span class='ocrx_word' id='word_1_54' title='bbox 1838 749 1882 792; x_wconf 89' lang='lat' dir='ltr'>Is</span> <span class='ocrx_word' id='word_1_55' title='bbox 1911 762 2004 794; x_wconf 87' lang='lat' dir='ltr'>non</span> <span class='ocrx_word' id='word_1_56' title='bbox 2034 752 2101 795; x_wconf 86' lang='lat' dir='ltr'>lo-</span> 
     </span>
     <span class='ocr_line' id='line_1_9' title="bbox 395 810 2099 874; baseline 0.006 -20"><span class='ocrx_word' id='word_1_57' title='bbox 395 814 553 869; x_wconf 88' lang='lat' dir='ltr'>quitur</span> <span class='ocrx_word' id='word_1_58' title='bbox 585 814 640 856; x_wconf 89' lang='lat' dir='ltr'>de</span> <span class='ocrx_word' id='word_1_59' title='bbox 673 819 981 870; x_wconf 88' lang='lat' dir='ltr'>praeceptore,</span> <span class='ocrx_word' id='word_1_60' title='bbox 1016 829 1177 858; x_wconf 89' lang='lat' dir='ltr'>verum</span> <span class='ocrx_word' id='word_1_61' title='bbox 1208 817 1264 858; x_wconf 92' lang='lat' dir='ltr'>de</span> <span class='ocrx_word' id='word_1_62' title='bbox 1297 818 1583 873; x_wconf 84' lang='lat' dir='ltr'>paedagogo;</span> <span class='ocrx_word' id='word_1_63' title='bbox 1617 820 1742 874; x_wconf 92' lang='lat' dir='ltr'>apud</span> <span class='ocrx_word' id='word_1_64' title='bbox 1772 833 1878 862; x_wconf 88' lang='lat' dir='ltr'>eum</span> <span class='ocrx_word' id='word_1_65' title='bbox 1907 810 2099 865; x_wconf 80' lang='lat' dir='ltr'>tertium</span> 
     </span>
     <span class='ocr_line' id='line_1_10' title="bbox 393 885 1857 949; baseline 0.008 -23"><span class='ocrx_word' id='word_1_66' title='bbox 393 885 748 940; x_wconf 86' lang='lat' dir='ltr'>comparationis</span> <span class='ocrx_word' id='word_1_67' title='bbox 777 889 860 934; x_wconf 89' lang='lat' dir='ltr'>est,</span> <span class='ocrx_word' id='word_1_68' title='bbox 894 885 1166 928; x_wconf 79' lang='lat' dir='ltr'>Phoenicem</span> <span class='ocrx_word' id='word_1_69' title='bbox 1194 890 1431 934; x_wconf 83' lang='grc' dir='ltr'>σπουδαῖον</span> <span class='ocrx_word' id='word_1_70' title='bbox 1467 892 1578 935; x_wconf 82' lang='grc' dir='ltr'>εἶναι</span> <span class='ocrx_word' id='word_1_71' title='bbox 1609 893 1684 947; x_wconf 82' lang='grc' dir='ltr'>τὴν</span> <span class='ocrx_word' id='word_1_72' title='bbox 1719 895 1857 949; x_wconf 85' lang='grc' dir='ltr'>φύσιν.</span> 
     </span>
    </p>

    <p class='ocr_par' dir='ltr' id='par_1_5' title="bbox 391 955 2099 1226">
     <span class='ocr_line' id='line_1_11' title="bbox 452 955 2098 1017; baseline 0.004 -19"><span class='ocrx_word' id='word_1_73' title='bbox 452 955 613 998; x_wconf 88' lang='lat' dir='ltr'>Verius</span> <span class='ocrx_word' id='word_1_74' title='bbox 643 955 784 1010; x_wconf 83' lang='lat' dir='ltr'>igitur</span> <span class='ocrx_word' id='word_1_75' title='bbox 814 969 910 997; x_wconf 89' lang='lat' dir='ltr'>esse</span> <span class='ocrx_word' id='word_1_76' title='bbox 942 956 1126 999; x_wconf 87' lang='lat' dir='ltr'>videtur</span> <span class='ocrx_word' id='word_1_77' title='bbox 1158 958 1495 1013; x_wconf 77' lang='lat' dir='ltr'>Quintilianum</span> <span class='ocrx_word' id='word_1_78' title='bbox 1525 959 1611 1002; x_wconf 90' lang='lat' dir='ltr'>hoc</span> <span class='ocrx_word' id='word_1_79' title='bbox 1641 962 1903 1017; x_wconf 86' lang='lat' dir='ltr'>exemplum</span> <span class='ocrx_word' id='word_1_80' title='bbox 1933 963 2098 1005; x_wconf 87' lang='lat' dir='ltr'>debere</span> 
     </span>
     <span class='ocr_line' id='line_1_12' title="bbox 394 1023 2099 1088; baseline 0.005 -21"><span class='ocrx_word' id='word_1_81' title='bbox 394 1026 598 1067; x_wconf 85' lang='lat' dir='ltr'>Ciceroni</span> <span class='ocrx_word' id='word_1_82' title='bbox 617 1023 758 1081; x_wconf 75' lang='lat' dir='ltr'>qu&#39;am</span> <span class='ocrx_word' id='word_1_83' title='bbox 779 1026 1049 1082; x_wconf 85' lang='lat' dir='ltr'>Chrysippo,</span> <span class='ocrx_word' id='word_1_84' title='bbox 1071 1027 1196 1082; x_wconf 92' lang='lat' dir='ltr'>quod</span> <span class='ocrx_word' id='word_1_85' title='bbox 1215 1028 1251 1070; x_wconf 92' lang='lat' dir='ltr'>si</span> <span class='ocrx_word' id='word_1_86' title='bbox 1270 1029 1337 1070; x_wconf 88' lang='lat' dir='ltr'>ita</span> <span class='ocrx_word' id='word_1_87' title='bbox 1356 1034 1441 1079; x_wconf 90' lang='lat' dir='ltr'>est,</span> <span class='ocrx_word' id='word_1_88' title='bbox 1461 1039 1554 1072; x_wconf 83' lang='lat' dir='ltr'>n&#39;on</span> <span class='ocrx_word' id='word_1_89' title='bbox 1573 1031 1666 1073; x_wconf 90' lang='lat' dir='ltr'>iam</span> <span class='ocrx_word' id='word_1_90' title='bbox 1685 1031 1790 1074; x_wconf 89' lang='lat' dir='ltr'>licet</span> <span class='ocrx_word' id='word_1_91' title='bbox 1809 1045 1866 1074; x_wconf 85' lang='lat' dir='ltr'>ex</span> <span class='ocrx_word' id='word_1_92' title='bbox 1883 1046 1951 1083; x_wconf 85' lang='lat' dir='ltr'>eo,</span> <span class='ocrx_word' id='word_1_93' title='bbox 1973 1033 2099 1088; x_wconf 86' lang='lat' dir='ltr'>quod</span> 
     </span>
     <span class='ocr_line' id='line_1_13' title="bbox 391 1096 2098 1156; baseline 0.006 -19"><span class='ocrx_word' id='word_1_94' title='bbox 391 1100 437 1138; x_wconf 91' lang='lat' dir='ltr'>et</span> <span class='ocrx_word' id='word_1_95' title='bbox 467 1096 739 1139; x_wconf 87' lang='lat' dir='ltr'>Plutarchus</span> <span class='ocrx_word' id='word_1_96' title='bbox 766 1101 811 1139; x_wconf 90' lang='lat' dir='ltr'>et</span> <span class='ocrx_word' id='word_1_97' title='bbox 840 1098 1151 1152; x_wconf 75' lang='lat' dir='ltr'>Quintilianus</span> <span class='ocrx_word' id='word_1_98' title='bbox 1180 1099 1416 1142; x_wconf 90' lang='lat' dir='ltr'>Phoenicis</span> <span class='ocrx_word' id='word_1_99' title='bbox 1443 1102 1704 1156; x_wconf 87' lang='lat' dir='ltr'>exemplum</span> <span class='ocrx_word' id='word_1_100' title='bbox 1730 1103 1946 1153; x_wconf 79' lang='lat' dir='ltr'>afferunt,</span> <span class='ocrx_word' id='word_1_101' title='bbox 1974 1103 2098 1146; x_wconf 89' lang='lat' dir='ltr'>colli-</span> 
     </span>
     <span class='ocr_line' id='line_1_14' title="bbox 391 1168 1585 1226; baseline 0.004 -18"><span class='ocrx_word' id='word_1_102' title='bbox 391 1177 494 1222; x_wconf 86' lang='lat' dir='ltr'>gere</span> <span class='ocrx_word' id='word_1_103' title='bbox 514 1172 767 1223; x_wconf 83' lang='lat' dir='ltr'>utrumque</span> <span class='ocrx_word' id='word_1_104' title='bbox 791 1168 839 1209; x_wconf 92' lang='lat' dir='ltr'>id</span> <span class='ocrx_word' id='word_1_105' title='bbox 862 1168 1090 1213; x_wconf 84' lang='lat' dir='ltr'>invenisse</span> <span class='ocrx_word' id='word_1_106' title='bbox 1115 1169 1239 1224; x_wconf 90' lang='lat' dir='ltr'>apud</span> <span class='ocrx_word' id='word_1_107' title='bbox 1265 1170 1585 1226; x_wconf 87' lang='lat' dir='ltr'>Chrysippum.</span> 
     </span>
    </p>
   </div>
   <div class='ocr_carea' id='block_1_4' title="bbox 317 1261 2097 2305">
    <p class='ocr_par' dir='ltr' id='par_1_6' title="bbox 388 1261 2097 1750">
     <span class='ocr_line' id='line_1_15' title="bbox 452 1261 2096 1322; baseline 0.005 -20"><span class='ocrx_word' id='word_1_108' title='bbox 452 1261 594 1305; x_wconf 87' lang='lat' dir='ltr'>Locos</span> <span class='ocrx_word' id='word_1_109' title='bbox 627 1262 881 1316; x_wconf 89' lang='lat' dir='ltr'>parallelos,</span> <span class='ocrx_word' id='word_1_110' title='bbox 915 1277 1030 1318; x_wconf 88' lang='lat' dir='ltr'>quos</span> <span class='ocrx_word' id='word_1_111' title='bbox 1063 1263 1188 1318; x_wconf 88' lang='lat' dir='ltr'>apud</span> <span class='ocrx_word' id='word_1_112' title='bbox 1219 1268 1467 1320; x_wconf 88' lang='lat' dir='ltr'>utrumque</span> <span class='ocrx_word' id='word_1_113' title='bbox 1500 1270 1735 1308; x_wconf 87' lang='lat' dir='ltr'>auctorem</span> <span class='ocrx_word' id='word_1_114' title='bbox 1766 1266 1969 1322; x_wconf 82' lang='lat' dir='ltr'>legimus,</span> <span class='ocrx_word' id='word_1_115' title='bbox 2002 1269 2096 1312; x_wconf 84' lang='lat' dir='ltr'>iam</span> 
     </span>
     <span class='ocr_line' id='line_1_16' title="bbox 390 1333 2095 1395; baseline 0.005 -22"><span class='ocrx_word' id='word_1_116' title='bbox 390 1333 696 1389; x_wconf 84' lang='lat' dir='ltr'>tractavimus</span> <span class='ocrx_word' id='word_1_117' title='bbox 731 1334 1037 1389; x_wconf 87' lang='lat' dir='ltr'>apparuitque</span> <span class='ocrx_word' id='word_1_118' title='bbox 1073 1348 1229 1376; x_wconf 91' lang='lat' dir='ltr'>omnes</span> <span class='ocrx_word' id='word_1_119' title='bbox 1263 1348 1339 1377; x_wconf 90' lang='lat' dir='ltr'>eos</span> <span class='ocrx_word' id='word_1_120' title='bbox 1373 1336 1598 1379; x_wconf 90' lang='lat' dir='ltr'>eiusmodi</span> <span class='ocrx_word' id='word_1_121' title='bbox 1630 1350 1740 1387; x_wconf 89' lang='lat' dir='ltr'>esse,</span> <span class='ocrx_word' id='word_1_122' title='bbox 1775 1342 1828 1380; x_wconf 87' lang='lat' dir='ltr'>ut</span> <span class='ocrx_word' id='word_1_123' title='bbox 1863 1336 2095 1395; x_wconf 83' lang='lat' dir='ltr'>desumpti</span> 
     </span>
     <span class='ocr_line' id='line_1_17' title="bbox 389 1403 2097 1466; baseline 0.005 -22"><span class='ocrx_word' id='word_1_124' title='bbox 389 1417 485 1445; x_wconf 88' lang='lat' dir='ltr'>esse</span> <span class='ocrx_word' id='word_1_125' title='bbox 516 1403 692 1461; x_wconf 87' lang='lat' dir='ltr'>possint</span> <span class='ocrx_word' id='word_1_126' title='bbox 723 1417 746 1444; x_wconf 91' lang='lat' dir='ltr'>e</span> <span class='ocrx_word' id='word_1_127' title='bbox 776 1403 891 1462; x_wconf 89' lang='lat' dir='ltr'>libro</span> <span class='ocrx_word' id='word_1_128' title='bbox 923 1407 1022 1462; x_wconf 84' lang='grc' dir='ltr'>περὶ</span> <span class='ocrx_word' id='word_1_129' title='bbox 1053 1408 1383 1466; x_wconf 77' lang='grc' dir='ltr'>παιδοτροφίας.</span> <span class='ocrx_word' id='word_1_130' title='bbox 1420 1407 1519 1462; x_wconf 87' lang='lat' dir='ltr'>Quo</span> <span class='ocrx_word' id='word_1_131' title='bbox 1550 1407 1606 1449; x_wconf 90' lang='lat' dir='ltr'>de</span> <span class='ocrx_word' id='word_1_132' title='bbox 1637 1408 1775 1451; x_wconf 90' lang='lat' dir='ltr'>titulo</span> <span class='ocrx_word' id='word_1_133' title='bbox 1820 1422 1924 1451; x_wconf 91' lang='lat' dir='ltr'>cum</span> <span class='ocrx_word' id='word_1_134' title='bbox 1966 1410 2097 1452; x_wconf 87' lang='lat' dir='ltr'>testi-</span> 
     </span>
     <span class='ocr_line' id='line_1_18' title="bbox 389 1473 2094 1537; baseline 0.004 -22"><span class='ocrx_word' id='word_1_135' title='bbox 389 1473 595 1531; x_wconf 87' lang='lat' dir='ltr'>monium</span> <span class='ocrx_word' id='word_1_136' title='bbox 622 1474 873 1516; x_wconf 88' lang='lat' dir='ltr'>habeamus</span> <span class='ocrx_word' id='word_1_137' title='bbox 898 1475 1040 1530; x_wconf 90' lang='lat' dir='ltr'>ipsius</span> <span class='ocrx_word' id='word_1_138' title='bbox 1070 1476 1317 1526; x_wconf 87' lang='lat' dir='ltr'>Plutarchi,</span> <span class='ocrx_word' id='word_1_139' title='bbox 1347 1477 1418 1519; x_wconf 89' lang='lat' dir='ltr'>cui</span> <span class='ocrx_word' id='word_1_140' title='bbox 1445 1477 1710 1521; x_wconf 90' lang='lat' dir='ltr'>testimonio</span> <span class='ocrx_word' id='word_1_141' title='bbox 1735 1477 1845 1537; x_wconf 81' lang='lat' dir='ltr'>nihil</span> <span class='ocrx_word' id='word_1_142' title='bbox 1874 1478 2094 1532; x_wconf 80' lang='lat' dir='ltr'>obsistere</span> 
     </span>
     <span class='ocr_line' id='line_1_19' title="bbox 391 1543 2094 1607; baseline 0.005 -22"><span class='ocrx_word' id='word_1_143' title='bbox 391 1543 618 1594; x_wconf 88' lang='lat' dir='ltr'>videatur,</span> <span class='ocrx_word' id='word_1_144' title='bbox 645 1558 793 1600; x_wconf 91' lang='lat' dir='ltr'>neque</span> <span class='ocrx_word' id='word_1_145' title='bbox 818 1545 999 1596; x_wconf 85' lang='lat' dir='ltr'>titulus,</span> <span class='ocrx_word' id='word_1_146' title='bbox 1028 1560 1165 1602; x_wconf 90' lang='lat' dir='ltr'>quem</span> <span class='ocrx_word' id='word_1_147' title='bbox 1192 1547 1501 1603; x_wconf 77' lang='lat' dir='ltr'>Quintilianus</span> <span class='ocrx_word' id='word_1_148' title='bbox 1527 1548 1680 1599; x_wconf 82' lang='lat' dir='ltr'>affert,</span> <span class='ocrx_word' id='word_1_149' title='bbox 1707 1562 1855 1606; x_wconf 86' lang='lat' dir='ltr'>neque</span> <span class='ocrx_word' id='word_1_150' title='bbox 1874 1564 1948 1600; x_wconf 70' lang='lat' dir='ltr'>ea,</span> <span class='ocrx_word' id='word_1_151' title='bbox 1976 1563 2094 1607; x_wconf 88' lang='lat' dir='ltr'>quae</span> 
     </span>
     <span class='ocr_line' id='line_1_20' title="bbox 388 1609 2093 1681; baseline 0.004 -26"><span class='ocrx_word' id='word_1_152' title='bbox 388 1618 576 1669; x_wconf 89' lang='lat' dir='ltr'>sumpta</span> <span class='ocrx_word' id='word_1_153' title='bbox 617 1628 711 1656; x_wconf 88' lang='lat' dir='ltr'>esse</span> <span class='ocrx_word' id='word_1_154' title='bbox 742 1620 933 1670; x_wconf 87' lang='lat' dir='ltr'>apparet</span> <span class='ocrx_word' id='word_1_155' title='bbox 965 1630 989 1657; x_wconf 90' lang='lat' dir='ltr'>e</span> <span class='ocrx_word' id='word_1_156' title='bbox 1020 1617 1149 1666; x_wconf 88' lang='lat' dir='ltr'>libro,</span> <span class='ocrx_word' id='word_1_157' title='bbox 1181 1617 1322 1659; x_wconf 90' lang='lat' dir='ltr'>immo</span> <span class='ocrx_word' id='word_1_158' title='bbox 1354 1631 1460 1660; x_wconf 85' lang='lat' dir='ltr'>vero</span> <span class='ocrx_word' id='word_1_159' title='bbox 1492 1618 1603 1661; x_wconf 92' lang='lat' dir='ltr'>haec</span> <span class='ocrx_word' id='word_1_160' title='bbox 1633 1619 1748 1675; x_wconf 89' lang='lat' dir='ltr'>ipsa,</span> <span class='ocrx_word' id='word_1_161' title='bbox 1780 1624 1943 1681; x_wconf 84' lang='lat' dir='ltr'>utpote</span> <span class='ocrx_word' id='word_1_162' title='bbox 1975 1609 2093 1676; x_wconf 78' lang='lat' dir='ltr'>quae</span> 
     </span>
     <span class='ocr_line' id='line_1_21' title="bbox 389 1685 2094 1750; baseline 0.005 -24"><span class='ocrx_word' id='word_1_163' title='bbox 389 1690 528 1740; x_wconf 87' lang='lat' dir='ltr'>agant</span> <span class='ocrx_word' id='word_1_164' title='bbox 565 1685 620 1726; x_wconf 86' lang='lat' dir='ltr'>de</span> <span class='ocrx_word' id='word_1_165' title='bbox 653 1686 802 1735; x_wconf 86' lang='lat' dir='ltr'>rebus,</span> <span class='ocrx_word' id='word_1_166' title='bbox 836 1685 892 1728; x_wconf 92' lang='lat' dir='ltr'>de</span> <span class='ocrx_word' id='word_1_167' title='bbox 925 1687 1093 1744; x_wconf 87' lang='lat' dir='ltr'>quibus</span> <span class='ocrx_word' id='word_1_168' title='bbox 1126 1688 1221 1729; x_wconf 88' lang='lat' dir='ltr'>sine</span> <span class='ocrx_word' id='word_1_169' title='bbox 1253 1688 1393 1730; x_wconf 92' lang='lat' dir='ltr'>dubio</span> <span class='ocrx_word' id='word_1_170' title='bbox 1425 1690 1652 1744; x_wconf 87' lang='lat' dir='ltr'>agendum</span> <span class='ocrx_word' id='word_1_171' title='bbox 1683 1691 1742 1732; x_wconf 92' lang='lat' dir='ltr'>sit</span> <span class='ocrx_word' id='word_1_172' title='bbox 1773 1690 1821 1733; x_wconf 92' lang='lat' dir='ltr'>in</span> <span class='ocrx_word' id='word_1_173' title='bbox 1854 1688 1985 1741; x_wconf 81' lang='lat' dir='ltr'>libro,</span> <span class='ocrx_word' id='word_1_174' title='bbox 2017 1691 2094 1750; x_wconf 85' lang='lat' dir='ltr'>cui</span> 
     </span>
    </p>

    <p class='ocr_par' dir='ltr' id='par_1_7' title="bbox 317 1755 2094 2091">
     <span class='ocr_line' id='line_1_22' title="bbox 387 1755 2094 1812; baseline 0.005 -15"><span class='ocrx_word' id='word_1_175' title='bbox 387 1756 494 1798; x_wconf 89' lang='lat' dir='ltr'>talis</span> <span class='ocrx_word' id='word_1_176' title='bbox 514 1755 678 1798; x_wconf 86' lang='lat' dir='ltr'>titulus</span> <span class='ocrx_word' id='word_1_177' title='bbox 697 1756 944 1812; x_wconf 87' lang='lat' dir='ltr'>inscriptus</span> <span class='ocrx_word' id='word_1_178' title='bbox 964 1758 1038 1807; x_wconf 93' lang='lat' dir='ltr'>sit,</span> <span class='ocrx_word' id='word_1_179' title='bbox 1060 1759 1295 1802; x_wconf 77' lang='lat' dir='ltr'>affirment</span> <span class='ocrx_word' id='word_1_180' title='bbox 1317 1774 1369 1802; x_wconf 89' lang='lat' dir='ltr'>ac</span> <span class='ocrx_word' id='word_1_181' title='bbox 1389 1759 1628 1803; x_wconf 85' lang='lat' dir='ltr'>stabiliant</span> <span class='ocrx_word' id='word_1_182' title='bbox 1649 1765 1856 1804; x_wconf 90' lang='lat' dir='ltr'>nostram</span> <span class='ocrx_word' id='word_1_183' title='bbox 1876 1761 1932 1804; x_wconf 88' lang='lat' dir='ltr'>de</span> <span class='ocrx_word' id='word_1_184' title='bbox 1953 1757 2094 1805; x_wconf 74' lang='lat' dir='ltr'>titillo</span> 
     </span>
     <span class='ocr_line' id='line_1_23' title="bbox 317 1814 2093 1886; baseline 0.005 -19"><span class='ocrx_word' id='word_1_185' title='bbox 317 1814 319 1817; x_wconf 47' lang='lat'>.</span> <span class='ocrx_word' id='word_1_186' title='bbox 389 1826 663 1881; x_wconf 89' lang='lat' dir='ltr'>opinionem,</span> <span class='ocrx_word' id='word_1_187' title='bbox 703 1828 1066 1884; x_wconf 88' lang='lat' dir='ltr'>haudquaquam</span> <span class='ocrx_word' id='word_1_188' title='bbox 1102 1843 1283 1874; x_wconf 87' lang='lat' dir='ltr'>necesse</span> <span class='ocrx_word' id='word_1_189' title='bbox 1319 1843 1414 1873; x_wconf 90' lang='lat' dir='ltr'>esse</span> <span class='ocrx_word' id='word_1_190' title='bbox 1452 1836 1685 1886; x_wconf 73' lang='lat' dir='ltr'>putamus,</span> <span class='ocrx_word' id='word_1_191' title='bbox 1724 1832 1865 1874; x_wconf 90' lang='lat' dir='ltr'>alium</span> <span class='ocrx_word' id='word_1_192' title='bbox 1900 1833 2093 1881; x_wconf 86' lang='lat' dir='ltr'>titulum</span> 
     </span>
     <span class='ocr_line' id='line_1_24' title="bbox 387 1897 2092 1960; baseline 0.005 -22"><span class='ocrx_word' id='word_1_193' title='bbox 387 1911 411 1938; x_wconf 87' lang='lat' dir='ltr'>e</span> <span class='ocrx_word' id='word_1_194' title='bbox 447 1897 717 1952; x_wconf 85' lang='lat' dir='ltr'>Quintiliani</span> <span class='ocrx_word' id='word_1_195' title='bbox 752 1898 903 1940; x_wconf 87' lang='lat' dir='ltr'>verbis</span> <span class='ocrx_word' id='word_1_196' title='bbox 938 1899 1161 1955; x_wconf 84' lang='lat' dir='ltr'>colligere,</span> <span class='ocrx_word' id='word_1_197' title='bbox 1197 1900 1275 1956; x_wconf 94' lang='lat' dir='ltr'>qui</span> <span class='ocrx_word' id='word_1_198' title='bbox 1309 1915 1401 1944; x_wconf 90' lang='lat' dir='ltr'>non</span> <span class='ocrx_word' id='word_1_199' title='bbox 1435 1902 1584 1944; x_wconf 90' lang='lat' dir='ltr'>solum</span> <span class='ocrx_word' id='word_1_200' title='bbox 1618 1902 1862 1945; x_wconf 87' lang='lat' dir='ltr'>abhorreat</span> <span class='ocrx_word' id='word_1_201' title='bbox 1897 1901 1957 1946; x_wconf 90' lang='lat' dir='ltr'>ab</span> <span class='ocrx_word' id='word_1_202' title='bbox 1991 1904 2092 1960; x_wconf 85' lang='lat' dir='ltr'>ipso</span> 
     </span>
     <span class='ocr_line' id='line_1_25' title="bbox 388 1969 2091 2024; baseline 0.004 -15"><span class='ocrx_word' id='word_1_203' title='bbox 388 1972 673 2022; x_wconf 79' lang='lat' dir='ltr'>argumento,</span> <span class='ocrx_word' id='word_1_204' title='bbox 709 1969 764 2010; x_wconf 89' lang='lat' dir='ltr'>de</span> <span class='ocrx_word' id='word_1_205' title='bbox 800 1983 891 2024; x_wconf 91' lang='lat' dir='ltr'>quo</span> <span class='ocrx_word' id='word_1_206' title='bbox 924 1969 1091 2012; x_wconf 92' lang='lat' dir='ltr'>librum</span> <span class='ocrx_word' id='word_1_207' title='bbox 1125 1970 1262 2013; x_wconf 82' lang='lat' dir='ltr'>fuisse</span> <span class='ocrx_word' id='word_1_208' title='bbox 1295 1985 1318 2013; x_wconf 94' lang='lat' dir='ltr'>e</span> <span class='ocrx_word' id='word_1_209' title='bbox 1351 1970 1461 2014; x_wconf 88' lang='lat' dir='ltr'>locis</span> <span class='ocrx_word' id='word_1_210' title='bbox 1492 1971 1694 2014; x_wconf 85' lang='lat' dir='ltr'>laudatis</span> <span class='ocrx_word' id='word_1_211' title='bbox 1728 1977 2091 2016; x_wconf 87' lang='lat' dir='ltr'>consentaneum</span> 
     </span>
     <span class='ocr_line' id='line_1_26' title="bbox 386 2040 1472 2091; baseline 0.005 -12"><span class='ocrx_word' id='word_1_212' title='bbox 386 2042 469 2087; x_wconf 85' lang='lat' dir='ltr'>est,</span> <span class='ocrx_word' id='word_1_213' title='bbox 503 2052 663 2080; x_wconf 88' lang='lat' dir='ltr'>verum</span> <span class='ocrx_word' id='word_1_214' title='bbox 693 2040 835 2082; x_wconf 84' lang='lat' dir='ltr'>etiam</span> <span class='ocrx_word' id='word_1_215' title='bbox 866 2054 894 2082; x_wconf 89' lang='lat' dir='ltr'>a</span> <span class='ocrx_word' id='word_1_216' title='bbox 925 2041 1189 2091; x_wconf 84' lang='lat' dir='ltr'>testimonio</span> <span class='ocrx_word' id='word_1_217' title='bbox 1223 2042 1472 2084; x_wconf 77' lang='lat' dir='ltr'>Plutarchi.</span> 
     </span>
    </p>

    <p class='ocr_par' dir='ltr' id='par_1_8' title="bbox 386 2107 2089 2305">
     <span class='ocr_line' id='line_1_27' title="bbox 447 2107 2089 2171; baseline 0.005 -22"><span class='ocrx_word' id='word_1_218' title='bbox 447 2107 623 2157; x_wconf 87' lang='lat' dir='ltr'>Restat,</span> <span class='ocrx_word' id='word_1_219' title='bbox 666 2114 718 2151; x_wconf 87' lang='lat' dir='ltr'>ut</span> <span class='ocrx_word' id='word_1_220' title='bbox 759 2109 997 2161; x_wconf 84' lang='lat' dir='ltr'>videamus</span> <span class='ocrx_word' id='word_1_221' title='bbox 1038 2125 1153 2167; x_wconf 90' lang='lat' dir='ltr'>quae</span> <span class='ocrx_word' id='word_1_222' title='bbox 1196 2110 1467 2168; x_wconf 87' lang='lat' dir='ltr'>Plutarchus</span> <span class='ocrx_word' id='word_1_223' title='bbox 1509 2117 1744 2171; x_wconf 85' lang='lat' dir='ltr'>praeterea</span> <span class='ocrx_word' id='word_1_224' title='bbox 1784 2115 2040 2157; x_wconf 85' lang='lat' dir='ltr'>servaverit</span> <span class='ocrx_word' id='word_1_225' title='bbox 2065 2128 2089 2157; x_wconf 89' lang='lat' dir='ltr'>e</span> 
     </span>
     <span class='ocr_line' id='line_1_28' title="bbox 386 2174 2089 2242; baseline 0.005 -22"><span class='ocrx_word' id='word_1_226' title='bbox 386 2174 501 2221; x_wconf 90' lang='lat' dir='ltr'>libro</span> <span class='ocrx_word' id='word_1_227' title='bbox 526 2179 767 2237; x_wconf 88' lang='lat' dir='ltr'>Chrysippi</span> <span class='ocrx_word' id='word_1_228' title='bbox 791 2195 817 2223; x_wconf 91' lang='lat' dir='ltr'>a</span> <span class='ocrx_word' id='word_1_229' title='bbox 841 2181 1125 2236; x_wconf 89' lang='lat' dir='ltr'>Quintiliano</span> <span class='ocrx_word' id='word_1_230' title='bbox 1149 2183 1328 2232; x_wconf 87' lang='lat' dir='ltr'>omissa,</span> <span class='ocrx_word' id='word_1_231' title='bbox 1355 2184 1524 2239; x_wconf 91' lang='lat' dir='ltr'>quippe</span> <span class='ocrx_word' id='word_1_232' title='bbox 1549 2198 1666 2241; x_wconf 85' lang='lat' dir='ltr'>quae</span> <span class='ocrx_word' id='word_1_233' title='bbox 1689 2198 1782 2227; x_wconf 89' lang='lat' dir='ltr'>non</span> <span class='ocrx_word' id='word_1_234' title='bbox 1807 2185 2089 2242; x_wconf 82' lang='lat' dir='ltr'>pertinerent</span> 
     </span>
     <span class='ocr_line' id='line_1_29' title="bbox 386 2241 1772 2305; baseline 0.004 -14"><span class='ocrx_word' id='word_1_235' title='bbox 386 2248 445 2291; x_wconf 91' lang='lat' dir='ltr'>ad</span> <span class='ocrx_word' id='word_1_236' title='bbox 476 2241 799 2305; x_wconf 85' lang='lat' dir='ltr'>argumentum</span> <span class='ocrx_word' id='word_1_237' title='bbox 830 2266 978 2294; x_wconf 90' lang='lat' dir='ltr'>suum.</span> <span class='ocrx_word' id='word_1_238' title='bbox 1766 2264 1772 2272; x_wconf 86' lang='lat'>·</span> 
     </span>
    </p>
   </div>
   <div class='ocr_carea' id='block_1_5' title="bbox 389 2344 2082 2418">
    <p class='ocr_par' dir='ltr' id='par_1_9' title="bbox 389 2344 2082 2418">
     <span class='ocr_line' id='line_1_30' title="bbox 389 2344 2082 2418; baseline 0.005 -21"><span class='ocrx_word' id='word_1_239' title='bbox 389 2356 409 2408; x_wconf 69' lang='grc' dir='ltr'><strong>ξ</strong></span> <span class='ocrx_word' id='word_1_240' title='bbox 424 2365 463 2408; x_wconf 89' lang='lat'>5.</span> <span class='ocrx_word' id='word_1_241' title='bbox 500 2357 620 2411; x_wconf 82' lang='lat' dir='ltr'>Quae</span> <span class='ocrx_word' id='word_1_242' title='bbox 638 2361 860 2412; x_wconf 75' lang='lat' dir='ltr'>praeterea</span> <span class='ocrx_word' id='word_1_243' title='bbox 877 2357 1000 2414; x_wconf 74' lang='lat' dir='ltr'>apud</span> <span class='ocrx_word' id='word_1_244' title='bbox 1015 2359 1304 2402; x_wconf 78' lang='lat' dir='ltr'>Plutarchum</span> <span class='ocrx_word' id='word_1_245' title='bbox 1321 2374 1341 2402; x_wconf 89' lang='lat' dir='ltr'>e</span> <span class='ocrx_word' id='word_1_246' title='bbox 1361 2344 1606 2417; x_wconf 74' lang='lat' dir='ltr'>Chrysippi</span> <span class='ocrx_word' id='word_1_247' title='bbox 1621 2362 1764 2404; x_wconf 83' lang='lat' dir='ltr'>libello</span> <span class='ocrx_word' id='word_1_248' title='bbox 1785 2366 1960 2418; x_wconf 81' lang='lat' dir='ltr'>sumpta</span> <span class='ocrx_word' id='word_1_249' title='bbox 1979 2363 2082 2405; x_wconf 82' lang='lat' dir='ltr'>sint.</span> 
     </span>
    </p>
   </div>
   <div class='ocr_carea' id='block_1_6' title="bbox 382 2450 2084 2585">
    <p class='ocr_par' dir='ltr' id='par_1_10' title="bbox 382 2450 2084 2585">
     <span class='ocr_line' id='line_1_31' title="bbox 442 2450 2081 2508; baseline 0.004 -17"><span class='ocrx_word' id='word_1_250' title='bbox 442 2450 628 2494; x_wconf 87' lang='lat' dir='ltr'>Praeter</span> <span class='ocrx_word' id='word_1_251' title='bbox 646 2465 713 2501; x_wconf 90' lang='lat' dir='ltr'>ea,</span> <span class='ocrx_word' id='word_1_252' title='bbox 735 2452 790 2494; x_wconf 92' lang='lat' dir='ltr'>de</span> <span class='ocrx_word' id='word_1_253' title='bbox 811 2452 977 2507; x_wconf 86' lang='lat' dir='ltr'>quibus</span> <span class='ocrx_word' id='word_1_254' title='bbox 996 2465 1135 2508; x_wconf 87' lang='lat' dir='ltr'>supra</span> <span class='ocrx_word' id='word_1_255' title='bbox 1155 2454 1369 2504; x_wconf 86' lang='lat' dir='ltr'>diximus,</span> <span class='ocrx_word' id='word_1_256' title='bbox 1392 2454 1665 2498; x_wconf 89' lang='lat' dir='ltr'>Plutarchus</span> <span class='ocrx_word' id='word_1_257' title='bbox 1684 2455 1903 2498; x_wconf 89' lang='lat' dir='ltr'>nonnulla</span> <span class='ocrx_word' id='word_1_258' title='bbox 1922 2454 2081 2506; x_wconf 87' lang='lat' dir='ltr'>tradit,</span> 
     </span>
     <span class='ocr_line' id='line_1_32' title="bbox 382 2520 2084 2585; baseline 0.006 -25"><span class='ocrx_word' id='word_1_259' title='bbox 382 2533 499 2574; x_wconf 88' lang='lat' dir='ltr'>quae</span> <span class='ocrx_word' id='word_1_260' title='bbox 533 2520 691 2574; x_wconf 89' lang='lat' dir='ltr'>procul</span> <span class='ocrx_word' id='word_1_261' title='bbox 725 2520 868 2563; x_wconf 90' lang='lat' dir='ltr'>dubio</span> <span class='ocrx_word' id='word_1_262' title='bbox 901 2522 1113 2564; x_wconf 89' lang='lat' dir='ltr'>oriuntur</span> <span class='ocrx_word' id='word_1_263' title='bbox 1143 2535 1166 2564; x_wconf 89' lang='lat' dir='ltr'>e</span> <span class='ocrx_word' id='word_1_264' title='bbox 1200 2523 1440 2580; x_wconf 89' lang='lat' dir='ltr'>Chrysippi</span> <span class='ocrx_word' id='word_1_265' title='bbox 1471 2521 1623 2567; x_wconf 86' lang='lat' dir='ltr'>libello</span> <span class='ocrx_word' id='word_1_266' title='bbox 1639 2527 2084 2585; x_wconf 79' lang='grc' dir='ltr'>περὶπαιδοτροφίας,</span> 
     </span>
    </p>
   </div>
   <div class='ocr_carea' id='block_1_7' title="bbox 384 2591 523 2597">
    <p class='ocr_par' dir='ltr' id='par_1_11' title="bbox 384 2591 523 2597">
     <span class='ocr_line' id='line_1_33' title="bbox 384 2591 523 2597; baseline 0 0"><span class='ocrx_word' id='word_1_267' title='bbox 384 2591 523 2597; x_wconf 95' lang='lat' dir='ltr'> </span> 
     </span>
    </p>
   </div>
   <div class='ocr_carea' id='block_1_8' title="bbox 527 2593 667 2598">
    <p class='ocr_par' dir='ltr' id='par_1_12' title="bbox 527 2593 667 2598">
     <span class='ocr_line' id='line_1_34' title="bbox 527 2593 667 2598; baseline 0 0"><span class='ocrx_word' id='word_1_268' title='bbox 527 2593 667 2598; x_wconf 95' lang='lat' dir='ltr'> </span> 
     </span>
    </p>
   </div>
   <div class='ocr_carea' id='block_1_9' title="bbox 381 2621 2084 2924">
    <p class='ocr_par' dir='ltr' id='par_1_13' title="bbox 381 2621 2084 2820">
     <span class='ocr_line' id='line_1_35' title="bbox 431 2621 2084 2663; baseline 0.004 -14"><span class='ocrx_word' id='word_1_269' title='bbox 431 2621 461 2657; x_wconf 91' lang='lat'>1)</span> <span class='ocrx_word' id='word_1_270' title='bbox 508 2623 597 2652; x_wconf 78' lang='lat' dir='ltr'>Vide</span> <span class='ocrx_word' id='word_1_271' title='bbox 631 2622 732 2653; x_wconf 72' lang='lat' dir='ltr'>Hom.</span> <span class='ocrx_word' id='word_1_272' title='bbox 767 2623 807 2652; x_wconf 92' lang='lat' dir='ltr'>Il.</span> <span class='ocrx_word' id='word_1_273' title='bbox 838 2623 903 2659; x_wconf 91' lang='lat' dir='ltr'>IX,</span> <span class='ocrx_word' id='word_1_274' title='bbox 926 2625 990 2660; x_wconf 88' lang='lat'>438</span> <span class='ocrx_word' id='word_1_275' title='bbox 1007 2633 1083 2662; x_wconf 88' lang='lat' dir='ltr'>sqq.</span> <span class='ocrx_word' id='word_1_276' title='bbox 1099 2625 1151 2655; x_wconf 84' lang='lat' dir='ltr'>Cf.</span> <span class='ocrx_word' id='word_1_277' title='bbox 1170 2625 1303 2662; x_wconf 80' lang='lat' dir='ltr'>QmN-r.</span> <span class='ocrx_word' id='word_1_278' title='bbox 1322 2626 1370 2662; x_wconf 83' lang='lat'>11,</span> <span class='ocrx_word' id='word_1_279' title='bbox 1390 2633 1441 2662; x_wconf 90' lang='lat'>17,</span> <span class='ocrx_word' id='word_1_280' title='bbox 1460 2627 1477 2655; x_wconf 93' lang='lat'>8</span> <span class='ocrx_word' id='word_1_281' title='bbox 1499 2627 1571 2663; x_wconf 89' lang='lat' dir='ltr'>(ubi</span> <span class='ocrx_word' id='word_1_282' title='bbox 1587 2627 1732 2663; x_wconf 89' lang='lat' dir='ltr'>paulum</span> <span class='ocrx_word' id='word_1_283' title='bbox 1747 2635 1854 2663; x_wconf 86' lang='lat' dir='ltr'>supra</span> <span class='ocrx_word' id='word_1_284' title='bbox 1868 2627 2084 2656; x_wconf 85' lang='lat' dir='ltr'>mentionem</span> 
     </span>
     <span class='ocr_line' id='line_1_36' title="bbox 383 2672 2083 2716; baseline 0.004 -14"><span class='ocrx_word' id='word_1_285' title='bbox 383 2673 466 2704; x_wconf 78' lang='lat' dir='ltr'>fecit</span> <span class='ocrx_word' id='word_1_286' title='bbox 492 2673 689 2706; x_wconf 80' lang='lat' dir='ltr'>CICERONIS</span> <span class='ocrx_word' id='word_1_287' title='bbox 722 2672 800 2705; x_wconf 82' lang='lat' dir='ltr'>libri</span> <span class='ocrx_word' id='word_1_288' title='bbox 819 2675 861 2705; x_wconf 85' lang='lat' dir='ltr'>de</span> <span class='ocrx_word' id='word_1_289' title='bbox 881 2674 1060 2713; x_wconf 88' lang='lat' dir='ltr'>Oratore):</span> <span class='ocrx_word' id='word_1_290' title='bbox 1079 2686 1168 2713; x_wconf 83' lang='lat' dir='ltr'>„nos</span> <span class='ocrx_word' id='word_1_291' title='bbox 1187 2687 1289 2714; x_wconf 92' lang='lat' dir='ltr'>porro</span> <span class='ocrx_word' id='word_1_292' title='bbox 1308 2679 1449 2716; x_wconf 89' lang='lat' dir='ltr'>quando</span> <span class='ocrx_word' id='word_1_293' title='bbox 1468 2678 1619 2716; x_wconf 86' lang='lat' dir='ltr'>coeperit</span> <span class='ocrx_word' id='word_1_294' title='bbox 1638 2679 1741 2708; x_wconf 87' lang='lat' dir='ltr'>huius</span> <span class='ocrx_word' id='word_1_295' title='bbox 1758 2680 1806 2709; x_wconf 87' lang='lat' dir='ltr'>rei</span> <span class='ocrx_word' id='word_1_296' title='bbox 1823 2679 1994 2715; x_wconf 88' lang='lat' dir='ltr'>doctrina,</span> <span class='ocrx_word' id='word_1_297' title='bbox 2013 2685 2083 2709; x_wconf 89' lang='lat' dir='ltr'>non</span> 
     </span>
     <span class='ocr_line' id='line_1_37' title="bbox 381 2726 2084 2769; baseline 0.004 -14"><span class='ocrx_word' id='word_1_298' title='bbox 381 2726 594 2763; x_wconf 80' lang='lat' dir='ltr'>laboramus,</span> <span class='ocrx_word' id='word_1_299' title='bbox 631 2735 847 2765; x_wconf 86' lang='lat' dir='ltr'>quamquam</span> <span class='ocrx_word' id='word_1_300' title='bbox 881 2729 975 2766; x_wconf 88' lang='lat' dir='ltr'>apud</span> <span class='ocrx_word' id='word_1_301' title='bbox 1014 2730 1207 2760; x_wconf 89' lang='lat' dir='ltr'>Homerum</span> <span class='ocrx_word' id='word_1_302' title='bbox 1229 2733 1263 2760; x_wconf 90' lang='lat' dir='ltr'>et</span> <span class='ocrx_word' id='word_1_303' title='bbox 1286 2734 1530 2768; x_wconf 72' lang='lat' dir='ltr'>praeceptorem</span> <span class='ocrx_word' id='word_1_304' title='bbox 1553 2732 1753 2761; x_wconf 81' lang='lat' dir='ltr'>Phoenicem</span> <span class='ocrx_word' id='word_1_305' title='bbox 1775 2740 1849 2761; x_wconf 83' lang='lat' dir='ltr'>cum</span> <span class='ocrx_word' id='word_1_306' title='bbox 1870 2732 1992 2769; x_wconf 78' lang='lat' dir='ltr'>agendi</span> <span class='ocrx_word' id='word_1_307' title='bbox 2011 2734 2084 2762; x_wconf 77' lang='lat' dir='ltr'>tum</span> 
     </span>
     <span class='ocr_line' id='line_1_38' title="bbox 383 2779 1219 2820; baseline 0.005 -12"><span class='ocrx_word' id='word_1_308' title='bbox 383 2779 484 2808; x_wconf 82' lang='lat' dir='ltr'>etiam</span> <span class='ocrx_word' id='word_1_309' title='bbox 506 2779 666 2816; x_wconf 75' lang='lat' dir='ltr'>loquendi</span> <span class='ocrx_word' id='word_1_310' title='bbox 686 2783 721 2810; x_wconf 85' lang='lat' dir='ltr'>et</span> <span class='ocrx_word' id='word_1_311' title='bbox 743 2784 900 2811; x_wconf 86' lang='lat' dir='ltr'>oratores</span> <span class='ocrx_word' id='word_1_312' title='bbox 921 2783 1060 2818; x_wconf 83' lang='lat' dir='ltr'>plures&#39;’</span> <span class='ocrx_word' id='word_1_313' title='bbox 1085 2793 1113 2812; x_wconf 85' lang='lat' dir='ltr'>e.</span> <span class='ocrx_word' id='word_1_314' title='bbox 1138 2792 1170 2820; x_wconf 92' lang='lat' dir='ltr'>q.</span> <span class='ocrx_word' id='word_1_315' title='bbox 1194 2792 1219 2812; x_wconf 91' lang='grc' dir='ltr'>ε.</span> 
     </span>
    </p>

    <p class='ocr_par' dir='ltr' id='par_1_14' title="bbox 381 2832 2082 2924">
     <span class='ocr_line' id='line_1_39' title="bbox 428 2832 2082 2880; baseline 0.004 -19"><span class='ocrx_word' id='word_1_316' title='bbox 428 2832 460 2868; x_wconf 83' lang='lat'>2)</span> <span class='ocrx_word' id='word_1_317' title='bbox 489 2832 538 2861; x_wconf 82' lang='lat' dir='ltr'>Cf.</span> <span class='ocrx_word' id='word_1_318' title='bbox 557 2833 689 2870; x_wconf 78' lang='lat' dir='ltr'>Qumr.</span> <span class='ocrx_word' id='word_1_319' title='bbox 708 2833 827 2870; x_wconf 92' lang='lat' dir='ltr'>XII,1,</span> <span class='ocrx_word' id='word_1_320' title='bbox 846 2835 957 2870; x_wconf 84' lang='lat' dir='ltr'>1.,‚Sit</span> <span class='ocrx_word' id='word_1_321' title='bbox 973 2844 1053 2872; x_wconf 87' lang='lat' dir='ltr'>ergo</span> <span class='ocrx_word' id='word_1_322' title='bbox 1067 2836 1168 2865; x_wconf 85' lang='lat' dir='ltr'>nobis</span> <span class='ocrx_word' id='word_1_323' title='bbox 1181 2839 1311 2872; x_wconf 86' lang='lat' dir='ltr'>orator,</span> <span class='ocrx_word' id='word_1_324' title='bbox 1328 2845 1431 2874; x_wconf 84' lang='lat' dir='ltr'>quem</span> <span class='ocrx_word' id='word_1_325' title='bbox 1445 2837 1704 2874; x_wconf 84' lang='lat' dir='ltr'>constituimus,</span> <span class='ocrx_word' id='word_1_326' title='bbox 1720 2838 1760 2875; x_wconf 86' lang='lat' dir='ltr'>is,</span> <span class='ocrx_word' id='word_1_327' title='bbox 1776 2838 1833 2875; x_wconf 90' lang='lat' dir='ltr'>qui</span> <span class='ocrx_word' id='word_1_328' title='bbox 1855 2846 1875 2867; x_wconf 81' lang='lat' dir='ltr'>a</span> <span class='ocrx_word' id='word_1_329' title='bbox 1889 2837 1932 2867; x_wconf 93' lang='lat' dir='ltr'>M.</span> <span class='ocrx_word' id='word_1_330' title='bbox 1949 2837 2082 2880; x_wconf 83' lang='lat' dir='ltr'>Catone</span> 
     </span>
     <span class='ocr_line' id='line_1_40' title="bbox 381 2884 1055 2924; baseline 0.006 -11"><span class='ocrx_word' id='word_1_331' title='bbox 381 2884 517 2921; x_wconf 85' lang='lat' dir='ltr'>finitur,</span> <span class='ocrx_word' id='word_1_332' title='bbox 539 2885 591 2915; x_wconf 86' lang='lat' dir='ltr'>vir</span> <span class='ocrx_word' id='word_1_333' title='bbox 610 2885 715 2916; x_wconf 83' lang='lat' dir='ltr'>bonus</span> <span class='ocrx_word' id='word_1_334' title='bbox 735 2887 871 2917; x_wconf 79' lang='lat' dir='ltr'>dicendi</span> <span class='ocrx_word' id='word_1_335' title='bbox 889 2887 1055 2924; x_wconf 77' lang='lat' dir='ltr'>peritus”.</span> 
     </span>
    </p>
   </div>
  </div>
 </body>
</html>
