2228 3366
968 204 1023 245 31

145 327 376 386 „Quidam
396 325 563 369 litteris
583 324 942 374 instituendos,''
967 323 1280 380 Quintilianus
1300 322 1507 378 inquit,1)
1535 321 1646 377 „qui
1666 321 1866 363 minores

141 404 322 457 septem
366 397 500 441 annis
529 401 681 439 essent
711 409 804 439 non
834 398 1136 451 putaverunt,
1168 393 1294 450 quod
1322 393 1401 436 illa
1430 393 1631 448 primum
1661 395 1789 434 aetas
1819 395 1865 433 et

144 469 435 515 intellectum
466 468 817 524 disciplinarum
849 479 1010 522 capere
1043 469 1089 507 et
1121 464 1327 507 laborem
1360 464 1459 519 pati
1491 467 1661 519 posset.
1693 463 1738 504 in
1774 460 1866 518 qua

143 541 378 585 sententia
420 539 679 582 Hesiodum
704 533 800 581 esse
826 537 1010 593 plurimi
1036 536 1245 585 tradunt,
1273 536 1352 591 qui
1378 539 1486 577 ante
1511 534 1866 590 grammaticum

143 611 506 668 Aristophanem
555 610 743 652 fuerunt
891 607 972 650 sed
1005 607 1083 649 alii
1117 619 1301 662 quoque
1336 610 1562 654 auctores,
1597 605 1719 647 inter
1752 618 1868 660 quos

147 682 484 727 Eratosthenes
519 681 642 723 idem
679 679 1060 736 praeceperunt.”
1101 678 1267 733 Itaque
1304 677 1587 733 Chrysippus
1624 676 1804 718 decedit
1843 690 1870 717 a

147 755 224 798 via
252 743 387 804 trita,
422 767 527 796 cum
557 753 650 795 iam
681 765 823 808 puero
852 751 1004 793 minus
1034 754 1213 806 septem
1244 749 1376 792 annis
1406 753 1518 791 nato
1550 748 1870 803 paedagogum

147 827 388 877 attribuit;
422 825 736 882 Quintilianus
767 824 808 866 ei
839 823 1112 866 assentitur:
1149 822 1343 872 „Melius
1374 826 1547 871 autem,
1582 820 1661 877 qui
1692 820 1870 862 nullum

147 905 333 955 tempus
369 911 533 941 vacare
569 910 679 939 cura
714 895 894 944 volunt,
930 899 984 937 ut
1023 893 1351 950 Chrysippus”,
1392 893 1471 949 qui
1507 907 1600 935 non
1636 892 1789 941 modo,
1817 896 1870 933 ut

147 975 278 1015 totus
298 970 426 1014 locus
446 968 688 1025 patefacit,
709 967 829 1009 hanc
850 967 1047 1022 primam
1069 970 1274 1008 aetatem
1295 965 1562 1021 paedagogo
1581 964 1675 1006 iarn
1695 963 1869 1012 tradat,

149 1042 229 1086 sed
258 1042 402 1084 etiam
431 1040 705 1088 nutricibus,
738 1039 907 1095 quibus
935 1038 1188 1080 triennium
1221 1037 1422 1093 primum
1452 1037 1546 1086 det,
1578 1035 1871 1079 formandam

147 1127 246 1156 esse
273 1117 478 1155 mentem
505 1111 692 1154 iudicet.

209 1184 331 1241 Quid
381 1197 492 1226 vero
525 1182 828 1226 Plutarchus?
868 1182 1122 1237 Postquam
1157 1180 1389 1236 capitibus
1424 1191 1448 1233 5
1482 1184 1528 1222 et
1563 1179 1590 1221 6
1622 1179 1872 1221 infantiam

151 1256 282 1313 pueri
310 1256 553 1305 tractavit,
583 1255 706 1296 hunc
734 1254 887 1296 locum
917 1258 1060 1309 atque
1089 1253 1209 1295 hanc
1237 1256 1443 1294 aetatem
1471 1251 1708 1294 concludit
1737 1254 1783 1292 et
1813 1249 1873 1292 ad

127 1317 293 1371 ⁴aliam
325 1331 529 1370 aetatem
562 1326 730 1369 transit
763 1325 832 1367 his
865 1325 1035 1367 verbis:
1076 1327 1282 1380 ,ἐπειδὰν
1316 1327 1453 1370 τοίνυν
1478 1323 1660 1382 ἡλικίαν
1678 1325 1869 1382 λάβωσιν

149 1401 234 1448 ὑπὸ
250 1402 557 1459 παιδαγωγοῖς
575 1397 821 1457 τετάχθαι”
846 1416 888 1443 κ.
901 1417 938 1443 τ.
961 1405 1001 1443 λ.
1025 1395 1298 1451 Paedagogo
1316 1408 1511 1450 puerum
1528 1394 1689 1446 tradit,
1710 1407 1817 1436 cum
1835 1393 1874 1435 is

151 1485 207 1514 ea
222 1475 293 1514 est
315 1474 485 1520 aetate,
507 1469 567 1512 ad
587 1483 729 1525 quam
746 1468 955 1524 magistri
973 1481 1157 1523 quoque
1175 1467 1371 1522 eligendi
1386 1470 1511 1516 sunt,
1530 1470 1583 1508 ut
1603 1465 1873 1521 plerumque

154 1542 353 1596 fiebat.²)
387 1542 508 1584 Nam
537 1555 632 1584 uno
661 1541 789 1583 velut
819 1545 977 1582 tenore
1009 1539 1147 1595 paulo
1177 1543 1282 1594 post
1313 1538 1481 1594 pergit:
1521 1541 1601 1594 ,,τὸ
1629 1541 1677 1584 δὲ
1699 1541 1873 1583 πάντων

152 1617 359 1674 μέγιστον
397 1614 472 1660 καὶ
507 1616 776 1671 κυριώτατον
809 1617 894 1658 τῶν
912 1613 1147 1672 εἰρημένων
1167 1614 1350 1670 ἔρχομαι
1368 1614 1561 1670 φράσων.
1580 1612 1870 1662 διδασκάλους

149 1689 236 1746 γὰρ
269 1687 475 1744 ζητητέον
507 1690 601 1738 τοῖς
633 1687 798 1736 τέκνοις
831 1704 874 1729 κ.
908 1703 946 1728 τ.
982 1691 1022 1728 λ.
1058 1683 1276 1737 Sequitur
1312 1682 1453 1737 igitur
1492 1680 1767 1723 Plutarchus
1785 1680 1874 1722 usi-

152 1761 308 1800 tatum
341 1756 569 1799 ordinem:
600 1755 848 1806 „Discendi
870 1754 1056 1796 initium
1079 1767 1192 1809 puer
1214 1754 1416 1795 faciebat
1439 1752 1564 1808 apud
1585 1755 1872 1800 διδάσκαλον,

155 1828 287 1885 idque
305 1828 458 1871 comite
475 1827 738 1884 paedagogo,
761 1840 882 1868 anno
902 1826 993 1867 fere
1014 1825 1301 1880 septimo.''³)
1327 1825 1493 1880 Itaque
1512 1828 1874 1866 consentaneum

153 1896 334 1943 estant
365 1899 668 1942 Plutarchum
696 1898 743 1940 in
772 1897 1092 1940 notationibus
1123 1897 1216 1939 suis
1244 1895 1574 1952 componendis
1601 1909 1704 1937 eam
1734 1895 1875 1950 Chry-

153 1971 274 2028 sippi
299 1970 581 2013 sententiam
606 1974 820 2012 secutum
845 1983 938 2012 non
963 1982 1075 2018 esse,
1103 1982 1210 2010 curn
1236 1967 1494 2024 Chrysippo
1518 1967 1604 2009 hac
1630 1967 1686 2009 de
1711 1980 1757 2008 re
1782 1980 1874 2008 non
1916 1965 1926 1975 ‘

155 2043 470 2091 assentiretur,
508 2046 590 2084 aut
626 2040 1020 2096 scriptiunculam,
1043 2040 1165 2082 unde
1186 2030 1269 2082 sua
1288 2039 1459 2088 hausit,
1481 2039 1574 2081 iam
1595 2038 1874 2093 discrepasse

154 2128 181 2158 a
202 2114 474 2170 Chrysippo.
498 2113 586 2156 Sed
607 2126 886 2168 quocunque
906 2112 1046 2154 modo
1066 2125 1137 2153 res
1157 2125 1253 2153 sese
1273 2110 1430 2160 habet,
1451 2110 1499 2152 id
1519 2110 1684 2152 saltem
1704 2109 1876 2165 perspi—

155 2199 294 2228 cuum
337 2190 406 2227 est
452 2185 791 2241 Quintilianum
835 2184 1100 2239 diligentius
1144 2183 1273 2238 sequi
1318 2182 1561 2238 Chrysippi
1605 2181 1873 2229 sententias,

154 2261 296 2313 atque
339 2257 380 2298 ei
426 2256 530 2312 plus
573 2256 717 2298 tribue
728 2256 874 2299 ndum
919 2255 1063 2297 videri
1108 2254 1167 2297 ad
1203 2254 1449 2310 Chrysippi
1476 2253 1682 2295 libellum
1711 2266 1875 2307 cogno-

155 2328 377 2371 scendum
407 2342 550 2384 quam
581 2327 842 2370 Plutarcho.

216 2399 418 2442 Posthac
453 2403 656 2442 tractare
691 2398 880 2454 expedit
916 2403 1010 2440 tres
1046 2398 1183 2447 locos,
1222 2397 1391 2453 quibus
1427 2396 1519 2438 tale
1557 2395 1668 2451 quid
1704 2395 1874 2444 evenit,

165 2471 300 2527 quale
320 2484 375 2514 eo
394 2471 509 2520 loco,
534 2470 612 2526 qui
634 2470 690 2512 de
711 2469 979 2525 paedagogo
999 2469 1109 2524 agit.

207 2531 282 2584 ‘De
317 2542 528 2585 memoria
565 2541 877 2597 Quintilianus
911 2541 1024 2583 haec
1058 2540 1191 2582 dicit:

218 2613 252 2662 I,
291 2626 329 2662 1,
365 2613 434 2666 36.
472 2614 624 2666 „Nam
657 2617 703 2654 et
738 2613 938 2654 maxime
972 2612 1227 2654 necessaria
1245 2616 1314 2653 est
1335 2611 1520 2660 oratori,
1541 2611 1659 2652 sicut
1678 2610 1877 2652 suoloco

204 2746 234 2782 x)
286 2745 314 2780 1,
334 2754 362 2780 1,
382 2753 432 2780 15.
450 2745 501 2775 Cf.
520 2745 644 2774 Amsr.
665 2745 767 2774 Polit.
786 2745 867 2779 VII,
885 2754 912 2774 c.
934 2753 983 2780 15,
1003 2754 1021 2780 4
1039 2746 1085 2782 (p.
1107 2746 1192 2780 1336
1210 2753 1229 2773 a
1246 2745 1313 2781 23).

203 2800 234 2835 2)
286 2798 590 2828 Bizonen—Gon
607 2799 628 2827 l.
648 2799 669 2828 l.
690 2798 940 2828 GRASBERGER
962 2798 988 2833 1,
1010 2799 1073 2834 284
1092 2807 1168 2835 sqq.

204 2852 235 2888 3)
286 2851 490 2881 WYTTENB.
510 2861 543 2889 p.
563 2861 616 2888 90,
635 2852 679 2882 cf.
699 2852 952 2882 GRASBERGER
972 2852 1019 2887 11,
1039 2860 1071 2888 p.
1094 2859 1151 2887 ¹51
1173 2860 1250 2888 sqq.
