2228 3366
979 200 1034 244 25

153 321 494 379 Quintilianum
532 325 579 363 et
623 321 924 363 Plutarchum
964 321 1101 371 locos,
1145 334 1260 376 quos
1302 320 1393 362 fere
1434 321 1603 363 similes
1634 321 1874 376 praebent,

154 393 328 450 quique
352 393 495 448 igitur
518 406 543 435 e
571 393 817 448 Chrysippi
843 393 961 435 libro
988 393 1170 435 oriundi
1197 406 1294 434 esse
1323 393 1556 435 videntur.

212 464 372 508 Affero
399 465 483 507 hos
516 465 789 520 Quintiliani
818 464 869 507 de
897 464 1144 506 nutricibus
1172 464 1315 506 locos:

214 535 250 586 Ι,
274 548 312 586 1,
331 549 373 591 4.
404 536 556 587 „Ante
575 536 728 579 omnia
746 549 803 578 ne
820 535 880 578 sit
901 535 1099 578 vitiosus·
1114 549 1264 577 sermo
1281 536 1561 578 nutricibus:
1582 550 1700 591 quas
1717 536 1754 578 si
1776 536 1877 577 fieri

151 611 307 664 posset
345 608 578 664 sapientes
601 607 884 663 Chrysippus
906 607 1104 662 optavit,
1131 611 1253 648 certe
1276 611 1507 662 quantum
1530 621 1599 649 res
1622 611 1876 663 pateretur,

151 679 354 736 optimas
400 679 505 735 eligi
548 679 712 722 voluit.
743 683 790 720 et
820 691 1001 720 morum
1032 677 1220 734 quidem
1249 678 1297 722 in
1327 678 1398 720 his
1428 678 1556 720 haud
1585 678 1724 720 dubie
1756 679 1879 734 prior

149 750 272 794 ratio
295 754 381 801 est,
407 754 530 793 recte
554 755 712 793 tamen
737 750 880 792 etiam
904 750 1202 805 loquantur.’'

212 822 248 872 Ι,
277 834 315 872 1,
346 831 414 876 15,
445 822 512 864 16.
543 821 796 878 „Quidam
821 821 988 863 litteris
1010 821 1337 871 instituendos,
1367 821 1446 876 qui
1473 821 1672 864 minores
1699 826 1878 877 septem

149 893 284 936 annis
297 898 465 942 essent,
483 907 576 936 non
594 897 896 949 putaverunt,
916 893 1041 948 quod
1059 893 1137 935 illa
1157 893 1359 955 primum
1377 897 1506 935 aetas
1523 897 1570 934 et
1588 893 1877 937 intellectum

147 964 495 1021 disciplinarum
523 978 684 1020 capere
724 969 770 1007 et
798 964 1004 1006 laborem
1033 965 1131 1020 pati
1161 966 1348 1020 posset.)
1373 999 1382 1007 .
1406 1000 1413 1007 .
1438 999 1445 1006 .
1472 999 1479 1007 .
1511 965 1673 1007 Melius
1702 969 1875 1015 autem,

149 1036 230 1093 qui
263 1035 444 1079 nullum
479 1041 666 1092 tempus
701 1049 867 1078 vacare
901 1050 1012 1078 cura
1046 1036 1227 1085 volunt,
1264 1040 1315 1078 ut
1354 1035 1652 1091 Chrysippus.
1683 1036 1804 1078 Nam
1823 1036 1875 1086 is,

147 1107 364 1164 quamvis
400 1108 659 1167 nutricibus
690 1107 942 1151 triennium
969 1107 1163 1156 dederit,
1192 1112 1351 1151 ‘samen
1372 1107 1432 1149 ab
1459 1106 1547 1149 illis
1573 1120 1758 1163 quoque
1784 1108 1878 1150 iam

149 1178 444 1222 formandam
479 1193 620 1235 quam
657 1179 846 1235 optimis
878 1179 1108 1227 institutis
1141 1183 1346 1221 mentem
1380 1179 1633 1221 infantium
1650 1179 1874 1221 iudicat.”

209 1250 246 1300 1,
290 1262 358 1300 10,
399 1262 469 1304 32.
515 1255 592 1303 „et
629 1243 912 1306 Chrysippus
937 1250 1079 1292 etiam
1104 1250 1349 1292 nutricum
1375 1250 1451 1301 illi,
1483 1264 1601 1306 quae
1627 1251 1879 1293 adhibetur

145 1311 407 1365 infantibus
434 1322 775 1377 allactationi‚1)
806 1336 942 1364 suum
971 1321 1208 1377 quoddam
1236 1336 1422 1364 carmen
1450 1322 1712 1378 adsignat.''

207 1393 348 1450 Apud
377 1394 679 1436 Plutarchum
707 1394 763 1436 de
791 1394 1051 1436 nutricibus
1079 1394 1192 1436 haec
1220 1393 1434 1449 legimus:

209 1478 310 1521 cap.
344 1475 369 1519 5
401 1479 444 1521 p.
477 1477 544 1520 3c.
575 1468 620 1511 αἱ
652 1469 804 1512 τίτθαι
834 1468 881 1511 δὲ
913 1466 987 1512 καὶ
1021 1468 1064 1511 αἱ
1095 1467 1249 1524 τροφοὶ
1267 1469 1342 1524 τὴν
1362 1469 1535 1512 εὔνοιαν
1555 1469 1874 1526 ὑποβολιμαίαν

149 1537 224 1585 καὶ
257 1539 598 1597 παρέγγραπτον
631 1541 820 1597 ἔχουσιν,
857 1541 933 1583 ἅτε
966 1543 1131 1596 μισθοῦ
1161 1543 1380 1595 φιλοῦσαι.

206 1621 307 1664 cap.
332 1618 357 1662 5
379 1623 424 1664 p.
450 1621 476 1662 3
498 1609 543 1651 d.
573 1606 629 1659 (εἰ
647 1611 760 1668 δ’ἄρ’
781 1611 1000 1662 ἀδυνάτως
1020 1612 1158 1668 ἔχοιεν
1184 1623 1245 1650 sc.
1266 1613 1438 1651 matres
1458 1613 1510 1651 ut
1529 1609 1655 1665 ipsae
1673 1609 1876 1654 infantes

145 1679 365 1722 uberibus
407 1680 550 1730 alant,
599 1684 626 1739 ἢ
675 1684 750 1726 διὰ
792 1685 996 1739 σώματος
1033 1683 1264 1727 ἀσθένειαν
1302 1678 1486 1739 (γένοιτο
1525 1684 1612 1740 γὰρ
1643 1685 1692 1727 ἄν
1725 1701 1767 1727 τι
1802 1683 1875 1728 καὶ

143 1748 358 1809 τοιοῦτον)
412 1755 439 1810 ἢ
491 1753 596 1810 πρὸς
632 1755 788 1810 ἑτέρων
821 1755 988 1798 τέκνων
1023 1755 1288 1797 σπεύδουσαι
1323 1755 1525 1811 γένεσιν,)
1563 1755 1682 1798 ἀλλὰ
1711 1757 1787 1806 τάς
1824 1773 1876 1812 γε

142 1825 299 1876 τίτθας
347 1825 422 1868 καὶ
466 1827 544 1876 τὰς
592 1826 774 1883 τρόφους
824 1826 875 1869 οὐ
923 1827 1001 1877 τὰς
1048 1826 1261 1883 τυχούσας
1312 1826 1410 1869 ἀλλ’
1464 1827 1521 1877 ὡς
1575 1828 1637 1870 ἔνι
1682 1828 1875 1882 μάλιστα

143 1896 379 1948 σπουδαίας
439 1897 730 1953 δοκιμαστέον
788 1898 894 1951 ἐστί,
942 1900 1112 1953 πρῶτον
1177 1898 1252 1953 μὲν
1321 1902 1414 1949 τοῖς
1478 1900 1632 1954 ἤθεσιν
1687 1887 1769 1946 (ἔτι
1817 1899 1875 1946 δ’)

144 1967 460 2025 Ἑλληνίδας.2)

192 2099 224 2136 1)
273 2099 546 2136 „allactationi”
563 2109 626 2137 pro
641 2099 911 2136 „allectationi”
927 2099 1115 2136 legendum
1131 2108 1212 2129 cum
1228 2100 1403 2137 Dyroffio.
1420 2100 1463 2130 cf.
1482 2109 1514 2137 p.
1533 2107 1614 2135 271:
1630 2101 1718 2136 „Ich
1735 2101 1875 2131 behalte

145 2151 221 2182 hier
241 2152 297 2182 die
318 2152 634 2183 handschriftliche
658 2154 780 2183 Lesart
803 2154 1023 2183 allactationi
1046 2154 1113 2189 bei,
1136 2153 1181 2182 da
1202 2153 1256 2182 bei
1279 2153 1340 2182 der
1367 2147 1559 2190 Anderung
1581 2155 1797 2183 allectationi
1820 2155 1875 2183 ein

144 2202 248 2242 gut'er
277 2205 362 2235 Sinn
383 2207 482 2236 nicht
503 2208 623 2236 erzielt
646 2207 743 2243 wird‚
766 2207 839 2236 und
860 2207 936 2236 eine
958 2207 1153 2244 Verlesung
1173 2207 1235 2236 des
1256 2207 1492 2243 geliiuferigen
1515 2208 1733 2237 allectationi
1756 2208 1790 2236 in
1813 2208 1876 2237 (las

143 2259 279 2289 seltene
301 2260 522 2290 allactationi
546 2261 644 2290 nicht
668 2261 958 2290 wahrscheinlich
980 2261 1038 2290 ist.
1064 2260 1248 2290 Marcellus
1273 2261 1472 2298 Empiricus
1497 2262 1538 2298 (c,
1565 2262 1594 2296 8,
1622 2263 1694 2297 136.
1720 2261 1752 2290 S.
1779 2262 1832 2297 83,
1857 2265 1874 2290 ὅ

146 2310 364 2343 Helmreich:
387 2322 431 2343 ex
452 2314 544 2344 lacte
567 2314 734 2350 mulieris,
759 2323 848 2351 quae
872 2322 1021 2351 puerum
1045 2315 1205 2350 allactat)
1231 2314 1425 2351 gebraucht
1451 2315 1618 2344 allactare
1642 2315 1698 2344 fiir
1720 2315 1877 2350 „heben-

145 2365 364 2396 herstillen.’'
385 2367 494 2397 Untet
515 2367 577 2397 (let
594 2368 730 2404 Amme,
749 2368 878 2397 welche
895 2367 1217 2404 „nebenherstillt”
1236 2368 1331 2397 kann
1349 2377 1416 2397 nur
1431 2369 1507 2398 eine
1524 2368 1642 2397 solche
1660 2368 1875 2398 verstanden

144 2419 298 2456 werden,
319 2420 450 2450 welche
468 2421 584 2451 neben
603 2421 665 2451 der
685 2421 819 2451 Mutter
837 2422 926 2451 stillt
949 2446 954 2451 .
974 2445 979 2451 .
999 2445 1004 2450 .
1029 2421 1142 2450 Recht
1162 2422 1238 2450 klar
1257 2421 1342 2450 wird
1363 2422 1446 2451 aber
1464 2422 1543 2459 jene
1563 2422 1669 2451 Stelle
1690 2422 1744 2451 bei
1765 2422 1876 2459 Quin-

143 2472 290 2503 tilianus
306 2477 377 2504 erst
393 2474 504 2504 durch
524 2475 807 2504 Ps-Plutarchos.
823 2475 945 2505 Dieser
959 2475 1094 2512 spricht
1114 2484 1130 2511 3
1146 2474 1188 2504 cd
1206 2483 1275 2504 von
1291 2466 1426 2506 τίτθαι
1441 2475 1513 2505 und
1530 2471 1667 2519 τροφοὶ,
1681 2465 1874 2506 Τιτθεὺειν

144 2525 218 2556 und
239 2523 401 2571 τρέφειν,
426 2528 481 2558 die
505 2529 702 2558 rfimischen
727 2529 982 2558 Schriftsteller
1005 2529 1088 2557 aber
1111 2537 1177 2558 nur
1200 2538 1269 2558 von
1293 2530 1459 2559 nutrices.
1486 2530 1549 2558 Die
1572 2530 1701 2559 Rbmer
1716 2530 1872 2559 konnten

144 2579 235 2609 wohl
275 2580 376 2611 beide
417 2581 570 2618 Begriffe
597 2582 696 2611 nicht
724 2582 965 2619 wiedergcben
994 2581 1065 2611 und
1094 2582 1334 2618 gebrauchten
1362 2583 1484 2612 nutrix
1513 2582 1744 2619 gemeinsam3
1772 2584 1874 2612 sollte

143 2641 217 2662 nun
237 2634 505 2664 unterschieden
527 2635 678 2671 werden,
697 2645 736 2665 so
754 2639 914 2665 mussten
933 2636 982 2665 sie
1002 2644 1044 2664 zu
1065 2636 1392 2672 Umsehreibungen
1413 2637 1556 2673 greisen,
1577 2637 1639 2666 wie
1658 2636 1732 2666 (lies
1751 2637 1873 2671 Varro,

145 2685 391 2724 Quintilianus
411 2688 484 2717 und
505 2689 638 2718 Gellius
658 2689 761 2718 tun.'‘
780 2690 834 2719 Cf.
855 2690 965 2718 etiam
986 2698 1018 2726 p.
1043 2697 1121 2725 271,
1142 2698 1175 2720 n.
1203 2700 1232 2725 2,
1257 2698 1389 2733 p3272,
1410 2699 1443 2719 n.
1470 2699 1496 2719 x.

191 2741 223 2776 2)
272 2733 346 2779 (ἔτι
364 2732 420 2781 δ’)
450 2742 560 2772 verba
581 2746 675 2772 recte
696 2742 822 2772 addita
844 2752 863 2772 a
884 2743 1061 2780 Dyroffio,
1083 2743 1301 2780 comparatis
1322 2752 1412 2781 quac
1433 2744 1600 2780 leguntur
1619 2752 1696 2780 cap.
1719 2745 1738 2772 6
1759 2753 1791 2780 p.
1814 2752 1873 2778 43:

142 2785 294 2833 (παιδία
339 2788 548 2839 σύντροφα)
588 2787 780 2839 ζητητέον
810 2787 1008 2837 πρώτιστοι
1033 2785 1105 2839 μὲν
1132 2790 1322 2826 σπουδαῖα
1345 2787 1431 2831 τοὺς
1460 2791 1633 2841 τρόπους,
1660 2790 1716 2827 ἔτι
1745 2793 1875 2839 μέντοι

144 2839 381 2890 Ἑλληνικάς
401 2851 436 2878 et
454 2849 598 2887 insuper
616 2850 688 2886 „da
706 2846 783 2884 Τοῖς
800 2839 939 2891 ἤθεσιν
956 2843 1195 2892 Ἑλληνίδας
1214 2850 1338 2880 keinen
1358 2855 1466 2887 guten
1485 2851 1569 2880 Sinn
1589 2851 1683 2888 gicbt
1704 2850 1776 2879 und
1794 2850 1875 2878 (lem
