2228 3366
1183 225 1240 267 28

352 350 408 392 de
423 351 678 393 nutricibus
692 351 997 403 laudavimus,
1015 353 1078 394 sic
1094 354 1239 408 pergit
1259 353 1312 408 (I,
1333 367 1370 403 1,
1389 355 1447 408 5):
1469 354 1596 404 „Has
1615 355 1845 411 (nutrices)
1860 355 2059 412 primum

352 421 507 463 audiet
542 435 666 476 puer,
700 423 864 464 harum
897 423 1038 465 verba
1066 424 1283 478 effingere
1300 425 1526 467 imitando
1545 426 1802 470 conabitur.
1823 431 1870 468 et
1889 430 2059 470 natura
2114 455 2116 457 »

352 493 629 534 tenacissimi
675 506 832 534 sumus
875 507 1046 543 eorum,
1093 507 1210 549 quae
1255 495 1444 536 rudibus
1473 496 1637 538 animis
1666 497 1972 552 percepimus:
2002 501 2079 540 ut-

351 576 487 617 sapor
525 577 615 617 quo
647 577 769 624 nova
791 564 970 606 imbuas
993 569 1140 615 (vasa)
1164 566 1317 615 durat,
1342 579 1424 607 nec
1446 565 1655 610 lanarum
1678 567 1862 617 colores,
1889 567 2056 623 quibus

351 633 545 687 simplex
572 633 645 675 ille
674 634 845 676 candor
872 639 1080 677 mutatus
1109 641 1192 685 est,
1222 636 1311 678 elui
1340 641 1547 692 possunt.
1577 641 1623 679 et
1652 637 1764 679 haec
1791 638 1894 694 ipsa
1909 638 2057 694 magis

352 704 646 758 pertinaciter
663 705 852 747 haerent
872 720 989 760 quae
1007 706 1234 749 deteriora
1252 712 1374 749 sunt.
1396 721 1504 749 nam
1522 707 1645 750 bona
1663 708 1794 750 facile
1812 713 2058 752 mutantur

349 774 396 815 in
423 774 573 829 peius:
601 775 788 830 quando
811 776 857 817 in
883 777 1055 818 bonum
1081 777 1270 819 verteris
1295 778 1436 819 vitia?
1464 791 1559 820 non
1584 778 1827 821 adsuescat
1852 792 1972 834 ergo,
1999 792 2056 822 ne

350 844 463 886 dum
507 846 659 888 infans
701 847 887 901 quidem
916 852 1000 896 est,
1032 848 1228 890 sermoni
1258 848 1336 903 qui
1367 848 1669 890 dediscendus
1699 849 1808 891 sit.''
1843 849 2056 892 Profecto

350 916 505 957 insunt
555 917 659 958 huic
691 917 805 966 loco,
840 931 957 972 quae
989 918 1267 960 admoneant
1301 919 1582 961 sententiam
1614 933 1755 975 quam
1788 920 1914 975 apud
1949 919 2056 962 Plu-

351 987 563 1028 tarchum
593 1001 776 1043 quoque
805 988 1016 1043 legimus:
1049 1002 1165 1044 quae
1195 989 1290 1030 sine
1320 989 1462 1031 dubio
1491 990 1701 1034 oriuntur
1728 1004 1752 1032 e
1784 990 2052 1046 Chrysippo.

355 1058 445 1107 „Et
478 1063 647 1100 natura
677 1059 956 1102 tenacissimi
989 1073 1146 1102 sumus
1177 1074 1349 1109 eorum,
1384 1074 1501 1115 quae
1533 1060 1724 1102 rudibus
1757 1061 1920 1103 animis
1954 1074 2054 1117 per-

348 1128 599 1183 cepimus.’'
611 1129 736 1171 Haec
754 1130 960 1172 conferas
970 1130 1190 1172 cumillis:
1206 1134 1477 1186 ,,εὔπλαστον
1496 1134 1584 1190 γὰρ
1606 1133 1680 1178 καὶ
1697 1133 1824 1190 ὑγρὸν
1843 1135 1870 1190 ἡ
1884 1135 2052 1191 νεότης,

350 1201 423 1246 καὶ
454 1206 549 1253 ταῖς
581 1204 743 1246 τούτων
780 1204 935 1260 ψυχαῖς
972 1204 1161 1255 ἁπαλαῖς
1194 1205 1257 1248 ἔτι
1283 1205 1340 1248 τὰ
1357 1206 1602 1260 μαθήματα
1619 1203 1891 1260 ἐντήκεταΰῗ.
1913 1205 1944 1260 1)
1965 1203 2054 1245 Sed

347 1271 634 1325 gravioribus
671 1272 821 1313 verbis
855 1272 1165 1327 Quintilianus
1202 1273 1259 1314 de
1297 1277 1423 1315 recto
1458 1286 1666 1316 sermone
1706 1273 1833 1328 loqui
1869 1273 2054 1316 videtur

347 1350 487 1396 quam
507 1342 801 1398 Chrysippus,
816 1343 940 1398 quod
956 1356 1062 1384 eum
1079 1343 1227 1385 facere
1244 1343 1370 1385 haud
1385 1348 1454 1385 est
1472 1343 1750 1399 mirandum,
1761 1344 1929 1399 quippe
1947 1357 2052 1386 cum

348 1418 593 1469 praecepta
624 1413 840 1455 exhibeat
860 1413 919 1474 ad
937 1427 1042 1455 eum
1058 1414 1365 1463 educandum,
1386 1414 1464 1469 qui
1483 1418 1644 1469 postea
1661 1418 1816 1456 orator
1831 1427 2052 1457 evasurus

347 1483 420 1525 sit.
454 1484 600 1532 „Ante
627 1484 808 1526 omnia’'
837 1485 988 1539 inquit
1018 1498 1104 1533 „ne
1136 1485 1193 1526 sit
1224 1485 1417 1526 vitiosus
1443 1498 1589 1526 sermo
1608 1485 1911 1536 nutricibus.''
1933 1485 2051 1528 Tum

350 1567 457 1596 vero
492 1554 800 1610 Chrysippum
832 1555 991 1597 laudat
1025 1556 1156 1610 eique
1191 1555 1420 1597 concedit:
1459 1560 1534 1604 „et
1567 1569 1747 1598 morum
1779 1555 1965 1611 quidem
2002 1556 2050 1598 in

347 1624 417 1665 his
452 1625 576 1667 haud
611 1625 749 1667 dubie
784 1626 907 1680 prior
925 1626 1042 1668 ratio
1069 1626 1185 1678 est”‚
1208 1626 1287 1668 sed
1306 1626 1449 1668 instat
1470 1639 1577 1668 suae
1597 1626 1873 1668 sententiae:
1897 1631 2048 1676 „recte

346 1699 502 1737 tamen
540 1696 682 1738 etiam
718 1696 1052 1751 loquantur.”2)
1092 1697 1209 1738 Tum
1245 1697 1391 1751 pergit
1428 1697 1520 1738 suis
1555 1697 1698 1751 ipsius
1733 1697 1883 1739 verbis
1918 1710 2048 1747 usus;

346 1780 454 1807 nam
475 1766 530 1808 de
552 1767 947 1816 similitudinibus,
971 1781 1084 1822 quas
1105 1767 1148 1808 in
1171 1767 1375 1809 medium
1396 1767 1583 1822 profert,
1606 1767 1731 1822 apud
1752 1767 2050 1810 Plutarchum

346 1850 401 1878 ne
428 1838 674 1891 vestigium
699 1838 885 1892 quidem
909 1838 1157 1892 reperimus
1170 1852 1179 1887 ;
1205 1842 1366 1880 contra
1390 1838 1446 1879 de
1470 1837 1767 1880 similitudine
1793 1837 2047 1879 Plutarchi:
2064 1856 2074 1863 «

349 1912 584 1965 ,,καθάπερ
641 1911 728 1967 γὰρ
775 1912 1009 1967 σφραγῖδες
1058 1914 1149 1962 τοῖς
1209 1912 1394 1961 ἁπαλοῖς
1446 1911 1817 1966 ἐναπομάττονται
1881 1914 2047 1967 κηροῖς,

345 1982 486 2032 οὕτως
515 1982 558 2025 αἱ
594 1982 809 2036 μαθήσεις
856 1985 953 2032 ταῖς
996 1985 1078 2025 τῶν
1124 1984 1190 2025 ἔτι
1234 1982 1413 2024 παιδίων
1460 1982 1619 2037 ψυχαῖς
1665 1982 2046 2035 ἐναποτυποῦνται,

346 2063 487 2104 quam
506 2050 852 2091 similitudinem
873 2051 1169 2106 Dyroffsatis
1189 2050 1306 2091 clare
1327 2050 1658 2105 Chrysippeam
1675 2062 1770 2091 esse
1790 2049 2044 2104 ostendit,³)

393 2216 422 2252 1)
474 2217 523 2245 Cf.
545 2217 711 2259 DAMASC3
733 2217 826 2246 Sacr.
851 2217 975 2246 Parall,
997 2226 1051 2253 ap.
1074 2217 1180 2246 STOB.
1205 2218 1256 2252 16,
1279 2218 1331 2245 81.

391 2269 422 2304 2)
473 2269 624 2299 DYROFF
646 2279 678 2306 p.
701 2277 762 2305 275
782 2278 816 2299 n.
839 2279 867 2305 3.

391 2322 421 2357 3)
472 2331 504 2358 p.
528 2324 608 2358 263:
629 2323 748 2358 „Aber
768 2323 857 2351 auch
876 2323 923 2350 im
943 2322 1128 2358 folgenden
1148 2325 1325 2359 entpuppt
1345 2322 1417 2351 sich
1438 2322 1499 2351 der
1517 2322 1600 2351 Satz
1618 2311 1796 2364 καθάπερ
1812 2315 1890 2363 γάρ
1909 2322 1976 2350 etc.
1997 2320 2048 2349 als

346 2374 522 2404 Stoisches
545 2376 627 2404 Gut.
653 2376 825 2411 Diogenes
849 2375 1006 2404 Laertios
1030 2375 1124 2412 (VII,
1150 2376 1203 2411 5ο)
1227 2378 1316 2411 sagt,
1339 2374 1512 2404 naehdem
1534 2384 1570 2403 er
1591 2375 1665 2404 eine
1688 2373 1835 2403 Ansicht
1857 2373 1918 2403 des
1939 2372 2048 2410 Chry-

344 2428 463 2464 sippos
501 2429 689 2464 angeffihrt
730 2428 808 2457 hat:
875 2425 1039 2464 ,,νοεῖται
1079 2422 1120 2457 δὲ
1165 2421 1186 2469 ἡ
1232 2424 1419 2468 φαντασία
1455 2420 1476 2469 ἡ
1505 2421 1578 2457 ἀπὸ
1608 2420 1849 2470 ὑπάρχοντος
1876 2421 1976 2456 κατὰ
2003 2419 2045 2455 τὸ

344 2474 519 2523 ὑπάρχον
575 2476 749 2511 &van-o
771 2479 1125 2524 μεμαγμένη
1182 2475 1272 2510 καὶ
1330 2475 1886 2522 ἐναποτετυπωμένη
1952 2472 2045 2508 καὶ

343 2528 361 2562 ἑ
377 2539 397 2562 ν
413 2540 436 2562 οι
454 2539 482 2563 π·
496 2539 513 2563 ε
530 2540 556 2564 σ·
572 2541 591 2574 φ
607 2540 627 2577 ρ
647 2541 671 2564 α
686 2540 715 2575 γ
736 2541 746 2564 ι
762 2540 787 2564 σ·
803 2541 833 2576 μ
849 2531 867 2564 έ
882 2540 902 2563 ν
919 2540 957 2576 η.
992 2534 1139 2563 Freilich
1168 2533 1253 2563 wird
1274 2534 1337 2562 mit
1362 2534 1554 2563 Riicksicht
1575 2533 1711 2568 darauf,
1733 2532 1813 2561 dass
1832 2531 2046 2568 Chrysippos

345 2586 408 2615 das
444 2587 656 2616 Zenonische
691 2588 769 2616 Bild
801 2581 971 2621 τύπωσις
1001 2587 1050 2615 im
1068 2587 1316 2623 Widerspruch
1335 2595 1441 2623 gegen
1463 2586 1655 2615 Kleanthes
1672 2585 1769 2614 nicht
1786 2585 1836 2614 im
1853 2584 1957 2614 Sinne
1975 2593 2044 2613 von

344 2640 457 2668 einem
491 2640 690 2669 Eindrucke
719 2634 860 2677 (τύπος)
896 2639 956 2670 des
988 2640 1216 2676 Siegelringes
1255 2631 1521 2683 (σφραγιστήρ)
1546 2637 1760 2667 verstanden
1783 2638 1906 2666 wissen
1928 2637 2044 2666 wollte

346 2693 402 2728 (D.
443 2693 478 2721 L.
518 2693 598 2728 VII,
634 2694 702 2729 50),
742 2693 919 2729 versucht,
943 2693 998 2722 die
1021 2693 1127 2722 Stelle
1150 2693 1230 2721 dem
1252 2692 1467 2729 Chrysippos
1489 2701 1531 2720 zu
1553 2690 1736 2720 entziehen
1761 2691 1814 2727 (A.
1840 2690 2043 2726 Bonhfflfer,

345 2745 491 2782 Epiktet
516 2746 529 2773 I
554 2746 585 2774 S.
613 2754 671 2781 151
698 2746 828 2781 Anm.).
853 2746 924 2775 Das
946 2745 1028 2783 geht
1051 2746 1134 2774 aber
1155 2745 1287 2774 meines
1309 2745 1505 2774 Erachtens
1526 2753 1568 2773 zu
1590 2744 1681 2772 weit.
1706 2744 1807 2772 Denn
1829 2742 2062 2779 Chrysipp0s>

344 2798 480 2827 wendet
502 2799 575 2827 sich
596 2807 662 2827 nur
683 2807 790 2835 gegen
811 2799 886 2827 eine
909 2807 951 2827 zu
971 2798 1140 2827 sinnliche
1158 2797 1354 2834 Auslegung
1370 2798 1430 2826 des
1447 2797 1564 2826 Worts
1579 2790 1757 2832 τύπωσις
1775 2796 1842 2825 den
1859 2794 2044 2825 Gebrauch

344 2851 403 2880 des
436 2851 639 2880 Ausdrucks
672 2852 804 2880 konnte
836 2860 872 2880 er
898 2859 957 2880 um
991 2859 1028 2880 so
1046 2851 1195 2887 weniger
1211 2850 1392 2879 verbieten
1415 2850 1550 2886 wollen‚
1575 2850 1625 2878 als
1647 2858 1683 2878 er
1705 2848 1894 2878 denselben
1917 2855 2045 2884 augen-
