2228 3366
963 177 1021 222 35

189 303 226 354 Ι,
246 314 288 358 3,
307 302 350 346 8.
374 300 576 353 „Danda
590 304 661 343 est
674 304 832 343 tamen
844 298 1059 342 omnibus
1071 297 1227 353 aliqua
1240 296 1569 346 remissio,non
1581 295 1731 339 solum
1744 295 1854 351 quia

124 375 256 421 nulla
286 387 356 417 res
387 377 474 423 est,
508 385 626 428 quae
659 371 856 427 perferre
890 369 1034 426 possit
1066 369 1341 412 continuum
1371 367 1592 418 laborem,
1626 371 1767 422 atque
1798 380 1854 408 ea

99 453 102 456 ’
128 427 329 504 quoque,
353 458 473 502 quae
495 457 631 488 sensu
653 448 700 486 et
724 443 880 487 anima
903 445 1076 492 carent,
1100 444 1153 484 ut
1177 453 1358 483 servare
1382 440 1479 483 vim
1500 453 1633 482 suam
1656 438 1853 494 possint,

128 518 260 563 velut
305 517 462 573 quiete
507 515 687 558 alterna
731 513 1053 563 retenduntur,
1100 511 1180 554 sed
1225 511 1351 567 quod
1395 510 1604 555 studium
1648 509 1855 555 discendi

130 587 390 638 voluntate,
419 601 538 644 quae
564 587 664 642 cogi
690 600 783 630 non
810 588 980 641 potest,
1009 585 1239 626 constat.’'

190 659 466 707 Plutarchus
510 672 611 714 cap.
645 670 698 711 13
728 671 772 713 p.
802 670 829 713 9
862 671 900 699 c.
934 659 1082 703 δοτέον
1117 659 1190 703 οὖν
1225 660 1317 708 τοῖς
1348 656 1492 700 παισὶν
1527 657 1740 712 ἀναπνοὴν
1769 660 1852 700 τῶν

129 739 318 792 συνεχῶν
363 734 526 787 πόνων,
571 731 918 788 ἐνθυμουμένους
965 732 1034 774 ὅτι
1063 733 1145 781 πᾶς
1180 731 1203 773 ὁ
1234 730 1324 787 βίος
1363 729 1484 785 ἡμῶν
1521 728 1577 779 εἷς
1604 730 1745 772 ἄνεσιν
1780 726 1855 772 καὶ

125 806 319 862 ’σπουδὴν
368 806 686 863 διῄρηται....
731 804 956 849 συνελόντι
998 802 1177 846 δἐἰπεῖν
1226 802 1252 858 ἡ
1296 802 1536 851 ἀνάπαυσις
1582 804 1666 845 τῶν
1710 800 1853 844 πόνων

131 877 244 924 ἐστὶν
278 880 460 934 ἄρτυμα.
499 875 573 921 καὶ
606 876 686 920 οὐκ
704 874 774 918 ἐπὶ
787 878 870 919 τῶν
887 874 1012 931 ζῴων
1031 874 1172 929 μόνων
1189 872 1305 917 τοῦτ’
1330 873 1379 917 ἂν
1398 873 1484 916 ἴδοι
1500 889 1562 923 τις
1582 872 1855 929 γιγνόμενον,

130 950 251 995 ἀλλὰ
285 948 360 994 καὶ
393 946 463 992 ἐπὶ
486 951 569 993 τῶν
600 947 796 1003 ἀψύχων·
827 945 903 990 καὶ
929 947 1018 1003 γὰρ
1048 946 1106 991 τὰ
1138 945 1247 1007 τόξα
1274 943 1353 989 καὶ
1385 946 1462 994 τὰς
1502 944 1634 999 λύρας
1667 944 1856 999 ἀνίεμεν,

129 1021 186 1067 ἶν’
221 1021 432 1065 ἐπιτεῖναι
463 1020 738 1075 δυνηθῶμεν.

183 1090 299 1134 Sine
347 1088 492 1133 dubio
541 1088 589 1131 hi
637 1087 726 1130 loci
758 1087 881 1129 inter
914 1099 961 1128 se
995 1086 1263 1135 cohaerent,
1298 1085 1622 1140 profluxerunt
1655 1084 1800 1139 igitur
1833 1097 1858 1126 e

130 1161 380 1218 Chrysippi
416 1160 550 1205 libro,
590 1159 798 1203 Stoicum
834 1171 931 1200 esse
969 1161 1269 1213 praeceptum
1307 1160 1546 1211 praeterea
1582 1169 1635 1198 eo
1673 1169 1858 1211 quoque

131 1227 345 1291 apparet,
371 1231 499 1288 quod
522 1231 718 1274 SENECA
739 1229 862 1272 idem
887 1229 978 1271 fere
1003 1229 1168 1284 dicit.1)
1197 1229 1265 1270 Ne
1288 1228 1521 1277 miremur,
1548 1227 1859 1283 Chrysippum

135 1305 184 1349 id
225 1303 511 1361 praecepisse
552 1302 613 1347 ad
652 1301 918 1345 educandos
959 1314 1125 1356 pueros
1166 1299 1340 1356 primae
1382 1299 1565 1342 aetatis.
1610 1299 1790 1355 Quippe
1832 1314 1860 1342 a

133 1375 395 1420 nutricibus
444 1387 629 1430 quoque
683 1374 806 1424 „iam
856 1372 1150 1416 formandam
1199 1385 1342 1427 quam
1392 1370 1580 1426 optimis
1629 1370 1859 1414 institutis

133 1451 340 1490 mentem
375 1445 660 1489 infantium'¹
698 1444 890 1487 iudicat.
933 1443 1086 1500 „Quid
1122 1443 1315 1485 melius'¹
1357 1442 1670 1498 Quintilianus
1706 1442 1859 1498 inquit

141 1519 195 1575 (Ι,
231 1531 270 1569 1,
305 1518 360 1563 18
375 1518 464 1574 sq.)
501 1517 705 1573 „alioqui
731 1516 902 1559 facient
921 1516 1080 1571 (quam
1097 1515 1286 1570 discere)
1306 1528 1364 1556 ex
1383 1528 1475 1570 quo
1493 1514 1619 1569 loqui
1638 1518 1859 1569 poterunt

141 1590 333 1646 (faciant
358 1589 483 1632 enim
509 1588 686 1644 aliquid
711 1601 893 1632 necesse
919 1587 1036 1643 est)?
1067 1591 1148 1629 aut
1175 1600 1256 1628 cur
1281 1586 1367 1629 hoc
1394 1585 1859 1641 quantulumcunque

136 1666 209 1706 est
237 1674 383 1719 usque
411 1660 474 1705 ad
500 1664 680 1716 septem
708 1673 853 1704 annos
880 1659 1059 1701 lucrum
1078 1658 1398 1700 fastidiamus?
1419 1694 1426 1702 .
1444 1694 1452 1702 .
1470 1694 1478 1702 .
1496 1694 1504 1703 .
1525 1671 1618 1701 non
1635 1670 1741 1712 ergo
1760 1671 1861 1713 per-

134 1733 301 1778 damus
333 1732 537 1788 primum
571 1731 735 1775 statim
765 1735 967 1786 tempus,
1002 1734 1142 1785 atque
1175 1743 1229 1771 eo
1261 1729 1428 1778 minus,
1463 1728 1589 1784 quod
1619 1728 1754 1772 initia
1786 1728 1861 1771 lit-

134 1810 342 1848 terarum
364 1803 463 1846 sola
484 1802 708 1845 memoria
730 1806 964 1851 constant,
989 1814 1107 1856 quae
1130 1814 1224 1844 non
1246 1800 1385 1842 modo
1407 1800 1501 1842 iam
1523 1804 1593 1842 est
1615 1800 1663 1841 in
1686 1800 1859 1855 parvis,

135 1875 216 1919 sed
250 1880 355 1919 tum
385 1875 529 1921 etiam
554 1874 850 1917 tenacissima
867 1873 986 1916 est.”
1009 1873 1167 1915 Etiam
1186 1872 1255 1922 iis,
1277 1885 1394 1927 quae
1414 1876 1674 1927 sequuntur
1689 1871 1858 1921 locum,

133 1947 191 1991 de
215 1960 308 2004 quo
329 1946 509 2003 agimus
531 1946 584 2004 (Ι,
609 1958 650 1999 3,
674 1958 726 1987 11
745 1943 850 2001 sq.)‚
865 1948 1073 2000 apparet,
1089 1943 1429 2000 Quintilianum
1445 1957 1563 2000 quae
1578 1943 1702 1986 dicat
1719 1943 1776 1986 de
1794 1957 1862 1985 re-
1881 1931 1884 1933 ’

134 2018 351 2063 missione
370 2018 599 2074 pertinere
618 2017 734 2059 velle
754 2016 814 2059 ad
833 2016 1052 2072 parvulos
1072 2007 1256 2071 quoque
1275 2015 1462 2058 liberos:
1487 2014 1683 2066 „modus
1702 2019 1862 2058 tamen

137 2089 198 2133 sit
234 2089 596 2139 remissionibus,
632 2102 690 2132 ne
726 2092 808 2131 aut
846 2088 1004 2130 odium
1039 2087 1301 2129 studiorum
1337 2086 1511 2131 faciant
1547 2090 1742 2142 negatae
1778 2091 1861 2129 aut

136 2161 221 2204 otii
241 2160 626 2204 consuetudinem
645 2159 829 2204 nimiae.
852 2163 961 2202 sunt
981 2159 1124 2201 etiam
1145 2158 1354 2201 nonnulli
1374 2157 1592 2200 acuendis
1614 2171 1862 2213 puerorum

137 2232 333 2288 ingeniis
362 2246 456 2276 non
486 2231 673 2277 inutiles
702 2231 844 2281 lusus,
877 2245 982 2273 cum
1013 2230 1175 2286 positis
1204 2230 1404 2272 invicem
1434 2230 1655 2285 cuiusque
1685 2229 1862 2284 generis

138 2303 504 2360 quaestiunculis
568 2303 875 2346 aemulantur.
923 2315 1072 2345 mores
1118 2315 1303 2357 quoque
1349 2314 1395 2343 se
1441 2301 1562 2343 inter
1606 2300 1863 2344 ludendum

139 2375 395 2431 simplicius
424 2375 665 2430 detegunt,
696 2375 823 2417 modo
853 2373 979 2416 nulla
1010 2374 1210 2416 videatur
1237 2377 1358 2415 aetas
1388 2377 1478 2415 tam
1507 2372 1710 2425 infirma,
1742 2385 1862 2427 quae

143 2460 236 2490 non
277 2447 490 2503 protinus
519 2446 631 2502 quid
659 2450 838 2488 rectum
866 2458 1156 2502 pravumque
1184 2444 1244 2487 sit
1273 2444 1429 2494 discat,
1458 2448 1551 2486 tum
1579 2443 1643 2485 vel
1669 2443 1864 2486 maxime

185 2561 215 2598 1)
266 2561 318 2591 De
338 2564 456 2599 tranq.
479 2569 535 2591 an.
561 2568 611 2597 17,
637 2569 672 2597 5:
695 2560 851 2597 „Danda
871 2563 923 2590 est
946 2560 1072 2589 animis
1093 2559 1268 2590 remissio:
1291 2559 1451 2588 meliores
1474 2558 1695 2595 acrioresque
1712 2558 1862 2595 requieti

136 2617 293 2652 surgent.
319 2614 367 2644 Ut
389 2615 566 2645 fertilibus
590 2615 681 2652 agris
703 2622 774 2644 non
797 2617 850 2644 est
872 2612 1133 2651 imperandum,
1158 2613 1229 2643 cito
1252 2613 1347 2642 enim
1368 2613 1446 2641 illos
1468 2611 1654 2641 exhauriet
1677 2619 1863 2649 nunquam

137 2667 340 2698 intermissa
363 2668 576 2704 fecunditas,
600 2668 652 2697 ita
677 2668 877 2697 animorum
899 2668 1055 2704 impetus
1080 2667 1250 2696 adsiduus
1274 2666 1374 2696 labor
1398 2666 1549 2702 franget,
1576 2666 1668 2695 vires
1692 2665 1862 2702 recipient

137 2722 284 2758 paulum
302 2721 447 2751 resoluti
465 2724 500 2751 et
518 2722 670 2758 remissi;
689 2722 848 2751 nascitur
865 2730 908 2750 ex
928 2720 1138 2750 assiduitate
1156 2720 1319 2749 laborum
1338 2720 1537 2748 animorum
1556 2719 1739 2748 hebetatio
1759 2727 1865 2755 quae-

137 2774 221 2804 dam
238 2778 273 2804 et
292 2775 477 2811 languor.''
496 2775 549 2806 Cf.
570 2775 673 2812 epist.
698 2782 749 2811 15,
771 2776 807 2804 6:
828 2774 1013 2810 „dandum
1033 2778 1085 2804 est
1107 2773 1250 2811 aliquod
1270 2773 1500 2802 intervallum
1521 2773 1650 2808 animo,
1671 2772 1722 2801 ita
1743 2774 1865 2801 tamen

138 2831 177 2858 ut
200 2837 270 2858 non
292 2828 502 2865 resolvatur,
524 2828 586 2858 sed
606 2828 850 2858 remittatur.”
