2228 3366
1174 228 1230 270 82

405 360 802 417 παρεφορτισάμην,
853 358 905 400 ἵν’
951 358 1105 414 ἐφεξῆς
1151 357 1226 402 καὶ
1255 361 1400 403 τᾶλλα
1430 360 1487 403 τὰ
1518 360 1701 416 φέροντα
1731 361 1837 416 πρὸς
1867 361 1945 417 τὴν
1971 362 2106 419 ὀρθὴν

404 435 489 474 τῶν
521 431 627 474 νέων
651 430 835 486 ἀγωγὴν
859 430 1055 486 συνάψω,
1080 441 1196 483 quae
1220 428 1361 470 verba
1384 428 1695 483 Wyttenbach
1716 443 1769 471 eo
1793 430 1931 472 modo
1949 430 2105 480 vertit,

403 500 531 555 quasi
585 502 746 540 auctor
777 498 845 539 sui
879 498 1203 547 defensionem,
1235 512 1353 554 quae
1381 499 1612 540 antecedit
1644 513 1727 549 „ea
1754 500 1810 542 de
1837 487 2031 543 caussa''
2057 514 2105 543 se

402 570 649 624 suscepisse
702 568 842 621 dicat,
875 573 955 618 „ut
988 569 1200 624 deinceps
1239 569 1410 624 reliqua
1453 569 1512 611 ad
1552 574 1726 612 rectam
1764 570 2107 614 adolescentum

401 640 720 682 educationem
759 639 1063 682 conducentia
1093 643 1300 682 attexere
1322 640 1521 695 posset.”
1547 640 1670 682 Nihil
1691 654 1798 683 vero
1819 645 1888 683 est
1908 628 1994 684 nisi
2015 642 2106 684 for-

402 711 541 765 mula,
572 725 664 766 qua
683 710 1018 764 transgreditur
1047 715 1208 752 auctor
1237 711 1296 753 ad
1324 724 1378 753 ea
1408 724 1524 766 quae
1554 716 1821 766 sequuntur.

461 782 568 837 Cap.
619 781 755 830 XIII,
807 795 849 835 p.
897 780 975 835 9b:
1031 783 1156 840 ”Ηδη
1207 784 1254 828 δέ
1295 800 1414 834 τινας
1448 784 1533 840 ἐγὼ
1569 785 1683 828 εἶδον
1715 784 1924 840 πατέρας,
1960 785 2025 837 οἷς
2057 785 2107 829 τὸ

403 855 496 898 λίαν
545 859 685 911 φιλεῖν
728 857 805 897 τοῦ
839 854 895 909 μὴ
931 858 1068 910 φιλεῖν
1102 855 1242 897 αἴτιον
1273 856 1484 912 κατέστη·
1518 855 1559 897 τί
1588 857 1660 898 οὖν
1690 857 1805 899 ἐστιν
1839 857 1861 899 ὃ
1895 857 2110 913 βούλομαι

402 926 556 982 λέγειν,
593 926 663 969 ἵνα
697 929 757 980 τῷ
791 924 1112 981 παραδείγματι
1144 926 1451 982 φωτεινότερον
1484 927 1654 982 ποιήσω
1686 927 1759 969 τὸν
1792 927 1950 983 λόγον;
1975 925 2107 981 Wyt-

401 994 600 1036 tenbach
627 998 763 1049 putat
780 993 1042 1048 exemplum
1061 998 1220 1049 postea
1247 994 1398 1049 sequi:
1433 997 1580 1054 ὥσπερ
1601 997 1687 1053 γὰρ
1711 998 1767 1040 τὰ
1791 999 1905 1052 φυτὰ
1926 1009 1964 1037 e.
1992 1009 2035 1051 q.
2054 1009 2106 1051 S·‚

404 1066 634 1116 Hartman
687 1065 863 1107 nullum
918 1065 1071 1107 afferri
1126 1065 1389 1119 exemplum
1433 1065 1550 1119 ait.¹)
1594 1065 1707 1107 Cum
1749 1066 2031 1121 Heusingero
2061 1070 2108 1108 et

402 1135 676 1178 Schneidero
729 1149 887 1178 vocem
943 1142 1006 1194 τῷ
1050 1135 1145 1177 sine
1196 1139 1389 1177 accentu
1438 1136 1702 1185 scribamus,
1739 1140 1792 1178 ut
1828 1136 1886 1178 sit
1921 1136 2108 1179 dativus

404 1206 685 1262 pronominis
734 1206 979 1256 indefiniti,
1033 1210 1172 1261 atque
1224 1206 1604 1262 interpungamus
1640 1207 1725 1248 hoc
1762 1206 1919 1249 modo:
1955 1207 1998 1251 τί
2031 1209 2108 1253 οὖν

402 1280 517 1323 ἐστιν
558 1281 579 1322 ὃ
620 1280 836 1337 βούλομαι
867 1280 1037 1335 λέγειν;
1073 1279 1143 1322 ἵνα
1168 1297 1230 1335 τῳ
1265 1279 1584 1336 παραδείγματι
1616 1280 1921 1336 φωτεινότερον
1941 1281 2109 1336 ποιήσω

402 1352 475 1394 τὸν
510 1351 656 1407 λόγον·
690 1351 946 1401 σπεύδοντες
977 1351 1065 1408 γάρ
1094 1368 1137 1393 κ.
1171 1368 1213 1394 τ.
1239 1355 1280 1391 λ.
1314 1348 1725 1403 ΝεῖηθΧθῙηΡῙΠΠι
1756 1349 1977 1404 praebent
1994 1349 2107 1391 haec

402 1422 662 1472 σπεύδοντες
698 1423 780 1478 γάρ
816 1439 861 1465 κ.
892 1440 931 1465 τ.
963 1427 1021 1474 λ.,
1057 1418 1318 1474 exemplum
1345 1418 1514 1460 scilicet
1533 1432 1690 1461 earum
1708 1432 1874 1475 rerum,
1896 1432 1920 1460 e
1942 1419 2108 1475 quibus

402 1490 569 1532 nimius
612 1494 797 1545 patrum
840 1503 968 1532 amor
1010 1490 1189 1545 patefit.
2073 1490 2076 1494 '

462 1562 530 1602 De
579 1561 799 1603 memoria
850 1574 1094 1616 puerorum
1143 1561 1395 1602 exercenda
1445 1574 1608 1616 parurn
1658 1564 1892 1603 auctorem
1941 1561 2108 1603 dixisse

403 1645 550 1687 neque
572 1645 641 1682 ea,
665 1645 781 1687 quae
799 1632 1066 1687 praecipiat,
1084 1632 1195 1673 satis
1212 1632 1437 1687 exquisite
1455 1645 1550 1673 esse
1567 1635 1783 1681 tractata,
1797 1631 2109 1687 Wyttenbach

403 1706 571 1752 censet,
605 1706 687 1752 „ut
716 1716 849 1744 verus
879 1702 1151 1744 Plutarchus
1180 1702 1365 1744 omnino
1393 1701 1720 1744 desideretur.’'
1750 1701 1919 1744 Adesse
1947 1715 2108 1744 verum

406 1773 703 1815 Plutarchum
729 1787 876 1828 neque
902 1787 985 1828 ego
1011 1786 1184 1815 censeo.
1214 1773 1450 1815 Habemus
1476 1772 1614 1815 modo
1638 1786 1706 1822 ea,
1735 1785 1851 1828 quae
1877 1785 2110 1828 excerpse-

403 1848 476 1885 rat
508 1857 531 1884 e
564 1844 704 1886 fonte.
741 1844 906 1887 Postea
937 1858 1019 1886 sua
1051 1842 1292 1885 additurus
1323 1848 1435 1886 erat.

464 1915 739 1970 Exemplum
776 1914 1025 1970 Eurydices
1066 1915 1179 1969 (cap.
1222 1915 1329 1963 XX,
1368 1928 1410 1969 p.
1444 1914 1545 1968 14b)
1574 1914 1721 1956 alieno
1746 1914 1844 1956 loco
1871 1913 2105 1968 positum2)

405 1986 717 2041 Wyttenbach
731 1989 897 2034 censet,
916 1986 1039 2041 quod
1052 1999 1143 2027 non
1159 1984 1219 2026 ad
1238 1998 1418 2026 morum
1435 1984 1736 2039 disciplinam,
1755 1984 1835 2026 sed
1856 1984 1914 2026 ad
1930 1983 2110 2026 litteras

403 2060 450 2098 et
462 2056 719 2098 doctrinam
730 2060 905 2111 spectet
917 2069 929 2106 ;-
944 2056 1084 2110 igitur
1094 2056 1141 2097 in
1160 2056 1326 2111 capite,
1345 2055 1470 2110 quod
1488 2057 1582 2115 περὶ
1601 2056 1798 2105 παιδείας
1813 2059 1899 2104 est,
1917 2054 2112 2110 proden-

404 2127 516 2169 dum
558 2127 695 2169 fuisse
737 2126 925 2168 iudicat.
956 2127 1016 2168 At
1046 2127 1231 2168 omnino
1257 2140 1349 2168 non
1376 2130 1554 2181 spectat
1583 2126 1642 2167 ad
1667 2126 1845 2167 litteras
1871 2129 1917 2167 et
1944 2125 2112 2167 doctriss

404 2211 532 2239 nam:
582 2197 776 2239 affertur
820 2197 956 2239 modo
1001 2201 1053 2239 ut
1101 2197 1262 2239 matris
1307 2210 1412 2252 erga
1459 2196 1623 2238 liberos
1676 2210 1804 2238 amor
1833 2195 2110 2246 illustretur;

405 2282 459 2310 ea
487 2269 609 2310 enim
637 2272 786 2310 mater
814 2268 1091 2323 procurabat
1125 2269 1253 2313 πάνθ’
1289 2270 1373 2312 ὅσα
1410 2274 1624 2325 προσῆκεν
1657 2269 1716 2321 εἰς
1748 2270 1820 2312 τὸν
1845 2272 1930 2313 τῶν
1947 2268 2111 2313 τέκνων

406 2343 709 2397 σωφρονισμόν
730 2353 783 2380 ac
804 2343 1045 2394 propterea
1065 2339 1218 2393 probis
1236 2338 1501 2393 parentibus
1519 2338 1717 2379 maxime
1735 2337 2007 2380 aemulanda
2023 2341 2107 2379 est.

466 2410 517 2451 In
546 2409 732 2451 citando
761 2409 977 2465 Euripide
1006 2409 1139 2450 valde
1166 2408 1348 2451 differre
1380 2408 1676 2450 Plutarchum
1703 2409 1768 2450 ait
1797 2407 2110 2463 Wyttenbach

406 2481 465 2523 ab
500 2484 685 2522 auctore
720 2479 878 2521 libelli:
919 2480 1004 2529 „In
1041 2480 1286 2521 Plutarcho
1320 2483 1389 2520 est
1426 2479 1653 2534 quaedam
1688 2477 2029 2520 consuetudinis
2062 2482 2110 2520 et

406 2550 732 2592 familiaritatis
753 2550 962 2600 facilitas,
985 2554 1038 2592 ut
1059 2550 1313 2592 sententiae
1334 2554 1496 2604 sponte
1518 2550 1557 2591 ei
1579 2554 1624 2591 et
1644 2549 1692 2591 in
1712 2552 1914 2590 mentem
1934 2548 2110 2590 venisse

406 2625 452 2662 et
476 2622 523 2662 in
548 2621 801 2663 orationem
824 2621 1059 2663 influxisse
1085 2621 1347 2662 videantur:
1374 2621 1421 2667 in
1447 2619 1893 2662 Pseudo-Plutarcho
1918 2623 2110 2674 apparet

405 2692 602 2741 novitas,
631 2693 890 2747 quaerentis
915 2692 1044 2734 labor
1068 2696 1114 2734 et
1141 2692 1271 2747 quasi
1297 2691 1452 2733 vultus
1478 2690 1686 2733 nitentis:
1715 2689 1976 2732 huiusmodi
2001 2693 2110 2732 sunt

389 2824 392 2827 ·
454 2812 484 2848 1)
534 2812 566 2849 J.
590 2812 623 2849 J.
648 2813 846 2848 HARTMAN‚
871 2813 922 2841 De
947 2812 1134 2842 Plutarcho
1153 2812 1323 2848 scriptore
1344 2813 1379 2840 et
1401 2810 1619 2848 philosopho,
1644 2810 1752 2847 Lugd.
1778 2811 1856 2839 Bat.
1882 2811 1978 2847 1916,
2001 2818 2034 2847 p.
2060 2818 2130 2840 12.-

453 2865 482 2901 2)
533 2865 722 2894 HARTMAN
737 2867 839 2902 putat
856 2866 1035 2894 auctorem
1048 2864 1346 2900 hanchrydicen
1357 2863 1499 2900 eiusque
1510 2862 2111 2900 epigrammafinxisse,0.l.p.3sqq.
