2228 3366
952 207 1011 252 47

114 326 159 373 fi
193 330 374 384 potest.
402 325 618 373 Con-feras
660 321 1041 370 hunc'Plutarchi
1065 326 1232 374 locum:
1259 329 1522 386 ”Πειρατέον
1554 330 1601 374 δὲ
1633 330 1729 381 τοὺς
1760 333 1846 374 τῶν

115 401 286 458 ἡδονῶν
318 401 471 457 ἥττους
507 399 583 445 καὶ
612 401 718 457 πρὸς
750 401 827 452 τὰς
858 401 1122 458 ἐπιτιμήσεις
1143 402 1386 458 δυσηκόους
1409 403 1537 458 γάμῳ
1559 401 1845 454 καταζεῦξαι,

90 473 286 531 4δεσμὸς
343 473 427 529 γὰρ
475 472 601 524 οὗτος
647 476 721 529 τῆς
769 474 975 528 νεότητος
1025 473 1384 528 ἀσφαλέστατος’
1437 471 1551 526 (cap.
1581 483 1635 526 19
1659 485 1702 526 p.
1733 483 1785 523 13
1810 470 1842 523 f)

118 553 227 587 cum
242 541 314 584 his
322 541 615 585 HIERONYMI
634 541 798 584 verbis:
812 541 1054 591 „Ridicule
1079 541 1363 597 Chrysippus
1380 542 1639 585 ducendam
1656 555 1846 585 uxorem

48 659 53 667 .
117 613 318 669 sapienti
364 613 601 669 praecipit,
648 626 704 655 ne
752 613 913 656 Iovem
947 612 1207 656 Gamelium
1228 617 1275 654 et
1297 613 1592 656 Genethlium
1618 613 1842 668 violet.'’1)

122 683 303 740 Quibus
319 684 430 727 locis
446 685 568 727 inter
585 697 630 726 se
649 683 935 727 conferendis
954 684 1057 739 plus
1077 684 1321 734 attribuet,
1339 685 1422 740 >qui
1450 685 1564 727 illud
1593 685 1845 728 attenderit

120 755 425 801 Plutarchum
468 756 590 798 inter
633 755 748 799 vitia
791 755 1009 798 iuvenilia
1049 756 1230 811 saepius
1258 759 1525 798 enumerare
1551 756 1842 799 adulterium.

93 826 233 883 .Cap.
274 839 301 883 7
339 841 383 883 p.
422 836 447 880 5
486 826 518 869 b
555 826 666 869 haec
702 826 914 882 legimus:
941 829 1041 886 εἤδη
1081 830 1126 875 δέ
1159 845 1267 881 τινες
1292 829 1371 874 καὶ
1400 833 1486 874 τῶν
1518 830 1846 886 νεανικωτέρων

122 901 340 946 -ἄπτονται
385 903 556 954 κακῶν,
600 901 871 957 μοιχεύοντες
910 902 986 945 καὶ
1027 901 1589 958 οἰκοφθοροῦντεςῖ)
1636 901 1714 946 καὶ
1745 902 1845 958 μίαν

116 972 280 1029 ἡδονὴν
310 973 506 1018 θανάτου
538 972 812 1029 τιμώμενοι,’
848 982 947 1026 cap.
984 968 1039 1012 16
1067 985 1109 1026 p.
1151 983 1206 1013 12
1244 970 1287 1016 b:
1317 973 1410 1019 ‘noti
1431 973 1665 1030 παρθένων
1687 974 1844 1029 ἔρωτες

117 1042 200 1091 καὶ
235 1047 452 1100 γυναικῶν
478 1043 868 1101 οἰκοφθορίαι
903 1044 1135 1102 γαμετῶν’.

181 1112 256 1158 Ad
275 1113 388 1158 haec
409 1113 616 1157 conferas
641 1113 907 1158 ORIGENEM
933 1114 1110 1169 (contra
1133 1114 1314 1157 Celsum
1335 1114 1440 1163 VII,
1466 1114 1555 1169 63),
1585 1114 1663 1170 qui
1684 1113 1846 1156 eodem

123 1184 216 1229 fere
230 1184 419 1229 nomine
428 1185 596 1227 vitium
610 1184 1055 1236 adulteriiindicasse
1069 1186 1246 1228 Stoicos
1258 1186 1560 1229 demonstrat:
1583 1187 1847 1233 ’ἐκκλίνουσι

60 1264 62 1268 ’
119 1259 174 1306 τὸ
215 1259 432 1316 μοιχεύειν
460 1259 501 1303 οἱ
534 1259 592 1303 τὰ
623 1262 700 1303 τοῦ
740 1259 925 1310 Κιτιέως
962 1260 1160 1316 Ζήνωνος
1195 1263 1624 1316 φιλοσοφοῦντες...
1650 1293 1658 1301 .
1690 1260 1764 1304 διὰ
1796 1260 1845 1303 τὸ

119 1330 216 1390 (μὴ)
255 1325 507 1388 κοινωνικὸν
538 1331 615 1377 καὶ
647 1332 768 1387 παρὰ
806 1332 930 1387 φύσιν
962 1332 1078 1376 εἶναι
1108 1336 1171 1388 τῷ
1207 1321 1376 1389 λογικῷ
1410 1331 1511 1388 ζώῳ
1541 1332 1738 1377 νοθεύειν
1769 1331 1845 1386 τὴν

118 1402 206 1447 ὑπὸ
238 1405 324 1446 τῶν
357 1403 501 1459 νόμων
527 1403 662 1459 ἑτέρῳ
695 1406 1161 1461 προκαταληφθεῖσαν
1213 1408 1408 1460 γυναῖκα
1449 1404 1526 1447 καὶ
1579 1403 1846 1460 φθείρειν

119 1473 197 1519 τὸν
228 1475 368 1521 ἄλλου
399 1474 638 1530 ἀνθρώπου
672 1472 897 1530 οἶκον’.3)

181 1542 290 1608 (lap.
342 1554 396 1598 19
426 1557 470 1599 p.
507 1555 560 1596 13
592 1543 622 1585 f.
658 1543 932 1586 Plutarchus
964 1544 1198 1594 admonet,
1230 1558 1287 1586 ne
1318 1544 1402 1587 filii
1433 1544 1627 1586 feminas
1659 1544 1846 1589 ditiores

119 1613 196 1662 vel
238 1613 459 1659 nobiliore
493 1614 593 1657 loco
622 1619 747 1658 ortas
774 1615 822 1658 in
861 1616 1210 1660 matrimonium
1254 1615 1447 1658 ducant:
1494 1619 1766 1675 (ἐγγυᾶσθαι
1801 1620 1846 1671 δὲ

115 1687 189 1733 δεῖ
219 1691 311 1739 τοῖς
345 1688 457 1733 υἱέσι
483 1692 698 1745 γυναῖκας
729 1689 830 1746 μήτ’
859 1690 1170 1745 εὐγενεστέρας
1190 1695 1341 1746 πολλῷ
1360 1691 1469 1747 μήτε
1487 1689 1844 1745 πλουσιωτέραςῖ

121 1756 404 1799 ANTIPATER
445 1757 692 1807 Tarsensis,
737 1758 1038 1813 philosophus
1083 1759 1276 1808 Stoicus,
1321 1758 1444 1800 idem
1487 1759 1578 1800 fere
1623 1759 1845 1814 praecipit

121 1827 168 1871 in
217 1827 334 1870 libro
382 1829 455 1873 cui
490 1843 658 1872 nomen
692 1831 791 1887 περὶ
829 1833 1039 1888 γυναικὸς
1072 1834 1391 1890 συμβιώσεωςῑ
1426 1833 1628 1888 ’Πρῶτον
1655 1834 1730 1888 μὲν
1763 1834 1845 1889 χρὴ

114 1902 196 1958 τὴν
225 1902 461 1959 μνηστείαν
493 1903 553 1958 μὴ
578 1903 673 1959 εἰκῆ
707 1905 996 1960 ποιήσασθαι
1027 1903 1144 1948 ἀλλὰ
1177 1906 1287 1950 πάνυ
1318 1905 1710 1961 πεφροντισμένως,
1744 1904 1844 1960 μηδ’

114 1972 178 2024 εἰς
231 1976 414 2019 πλοῦτον
462 1974 564 2031 μηδ’
616 1974 673 2026 εἰς
723 1977 950 2031 ὀγκοῦσαν
1002 1976 1223 2032 εὐγένειαν
1270 1977 1380 2032 μηδὲ
1412 1976 1470 2028 εἰς
1504 1978 1643 2032 ἄλλην
1675 1978 1846 2033 χάσμην

112 2045 334 2102 ,μηδεμίαν
371 2044 719 2104 ἀποβλέπειν34)
755 2045 819 2086 Ut
852 2044 1127 2087 Plutarchus
1159 2047 1237 2098 “ὡς
1273 2048 1317 2091 οἵ
1346 2063 1398 2104 γε
1431 2053 1590 2104 μακρῷ
1609 2049 1846 2104 κρείττους,

58 2152 62 2155 .
119 2112 291 2170 inquit,
327 2117 493 2163 ἑαυτῶν
530 2119 825 2175 λαμβάνοντες
861 2118 913 2162 οὐ
945 2123 1029 2167 τῶν
1067 2123 1285 2176 γυναικῶν
1307 2120 1575 2177 ἄνδρες,τῷν
1593 2120 1640 2163 δὲ
1655 2122 1845 2175 προικῶν

130 2293 135 2298 -
167 2278 199 2312 ι)
247 2275 339 2308 Adv.
366 2275 592 2306 Iovinianum
618 2277 667 2314 ΙΙ,
694 2277 748 2314 48,
777 2286 824 2307 AB
851 2278 978 2309 Anum
1007 2278 1074 2315 111,
1102 2279 1203 2316 frgm.
1233 2285 1307 2315 727.
1336 2279 1451 2317 Quare
1476 2277 1663 2310 ridiculum
1684 2278 1850 2311 videatur

121 2327 356 2360 HIERONYMO
382 2329 420 2359 id
445 2332 685 2368 praeceptum,
714 2334 861 2369 apparet
888 2341 931 2362 ex
956 2331 1010 2368 iis,
1039 2341 1128 2370 quae
1153 2336 1368 2371 sequuntur:
1394 2332 1497 2370 „Isto
1522 2333 1616 2363 enim
1629 2333 1735 2364 modo
1753 2333 1848 2371 apud

120 2381 268 2412 Latinos
304 2382 467 2414 ducenda
487 2393 577 2415 uxor
596 2393 667 2414 non
687 2385 764 2422 erit,
786 2385 871 2423 quia
892 2385 1016 2416 Iovem
1035 2394 1106 2415 non
1128 2386 1261 2417 habent
1282 2387 1516 2424 nuptialem.'’
1540 2387 1582 2425 (!)
1605 2386 1655 2417 Cf.
1679 2387 1847 2424 DYRoFF,

120 2443 155 2473 p.
191 2437 267 2474 236.
303 2435 468 2468 Ceterum
500 2437 759 2469 HIERONYMUS
796 2438 850 2470 hic
884 2438 921 2468 in
956 2439 1112 2477 reliquiis
1142 2440 1219 2471 libri
1242 2440 1427 2478 SENECAE,
1450 2450 1482 2479 q.
1502 2450 1531 2470 e.
1548 2441 1591 2470 de
1608 2440 1846 2477 matrimonio,

115 2489 260 2520 tradere
287 2489 430 2521 videtur
455 2490 721 2523 THEOPHRAsn
749 2491 905 2529 „librum
921 2493 1102 2523 aureolum
1118 2494 1161 2523 de
1176 2494 1347 2532 nuptiis”.
1365 2494 1414 2525 Cf.
1436 2495 1472 2524 F.
1493 2494 1608 2530 Bocx,
1628 2494 1846 2532 Aristoteles,

114 2541 397 2582 Theophrastus,
421 2543 554 2574 Seneca
576 2544 620 2576 de
643 2545 882 2583 matrimonio,
910 2546 1024 2585 Leipz.
1050 2546 1151 2577 Stud.
1179 2556 1218 2585 19
1244 2548 1371 2585 (1899),
1405 2557 1418 2578 1
1449 2557 1539 2587 sqq.,
1558 2549 1719 2586 SCHANz,
1742 2550 1845 2580 Rom.

119 2595 211 2627 Litt.
238 2597 301 2633 IV,
332 2589 381 2634 1²,
410 2607 444 2636 p.
475 2601 551 2635 476.

166 2649 199 2686 2)
247 2640 557 2695 οἰκοφθοροῦντες
572 2651 840 2684 WYTTENBACH
858 2653 942 2691 legit
960 2663 1023 2691 pro
1042 2654 1192 2685 lectione
1213 2655 1387 2692 codicum,
1410 2655 1468 2693 qui
1490 2655 1662 2693 praebent
1683 2662 1846 2698 κιττοφο-

114 2697 282 2746 ροῦντες.
317 2703 367 2734 Cf.
404 2704 611 2736 WYTTENB.
649 2705 694 2736 ad
724 2706 851 2743 locum,
889 2707 950 2738 ubi
969 2708 1212 2739 coniecturam
1231 2709 1448 2747 argumentis
1466 2709 1554 2740 satis
1573 2710 1686 2740 firmis
1706 2711 1845 2748 probat.

122 2755 371 2788 quumnus
394 2766 489 2796 susp.
514 2749 856 2804 κοιτοφὲοροῡντες.

166 2810 198 2848 3)
245 2818 295 2842 ΑΒ
307 2811 435 2842 Anum
453 2811 521 2850 111,
534 2813 635 2850 frgm.
651 2820 725 2850 720.
740 2814 961 2845 Vocabulum
975 2824 1039 2853 q.o.
1053 2807 1107 2859 μή
1121 2825 1168 2846 AB
1181 2816 1309 2846 Aamm
1321 2816 1470 2848 addidit.
1485 2817 1535 2848 Cf.
1551 2818 1717 2855 Βγκοπ,
1732 2827 1842 2856 p.221.

165 2863 199 2901 4)
248 2863 353 2903 Apud
373 2864 479 2897 SToB.
503 2866 592 2897 Flor.
614 2872 667 2904 70,
690 2876 742 2905 13,
763 2876 811 2898 ΑΒ
830 2868 959 2899 Anum
979 2868 1048 2907 111,
1067 2870 1170 2908 frgm.
1193 2871 1248 2908 62,
1267 2879 1299 2908 p.
1322 2878 1397 2907 254.
