2228 3366
2014 0 2170 35 ἵῖξῗέη

1176 232 1233 274 44

363 348 406 390 It
438 348 664 390 therefore
695 348 870 390 follows
899 347 1004 390 that
1036 348 1091 389 he
1121 352 1200 391 too
1229 349 1267 391 is
1296 349 1560 406 ultimately
1587 350 1806 392 indebted
1837 354 1888 393 to
1917 351 2060 407 Chry-

356 419 510 474 sippos
550 420 646 477 περὶ
678 421 843 466 παίδων
877 422 1077 477 ἀγωγῆς,
1105 419 1183 461 the
1211 434 1407 462 common
1432 434 1588 462 source
1614 421 1662 463 of
1688 421 2059 464 Ps.—Plutarchus

356 490 455 532 and.
479 489 834 544 Quintilianus.''

416 561 558 602 Locos
603 564 759 602 autem
803 560 1056 615 parallelos,
1102 574 1217 615 quos
1259 561 1315 603 de
1359 561 1631 605 educatione
1676 562 1800 617 apud
1846 562 2059 604 Tacitum

355 630 560 684 legimus,
591 631 849 673 accuratius
893 631 1241 686 inspicientibus
1285 631 1417 673 nobis
1462 636 1670 687 apparet,
1710 645 1786 674 eos
1828 646 1958 687 agere
2001 633 2058 676 de

356 694 560 754 parvulis
602 701 927 743 tantummodo
955 702 1119 756 pueris,
1164 702 1241 757 qui
1283 702 1456 756 degunt
1479 702 1565 744 sub
1582 702 1775 752 nutrice,
1796 703 2059 758 nequedum

354 771 539 813 discunt
569 772 695 826 apud
724 772 1010 826 magistrum.
1044 773 1369 814 Exscribamus
1398 772 1534 822 locos,
1567 787 1681 827 quos
1709 773 2058 816 GUDEMANNUS
2087 783 2092 788 ·

356 842 533 891 laudat,
568 843 852 897 pertinentes
885 843 944 884 ad
978 847 1319 897 argumentum:
1358 842 1509 892 „Nam
1543 843 1719 898 pridem
1752 857 1860 886 suus
1893 844 2058 900 cuique

357 913 478 954 filius
515 947 523 955 .
549 947 557 955 .
583 947 590 955 .
625 927 717 954 non
750 913 796 954 in
829 913 991 955 cellula
1022 917 1205 968 emptae
1237 914 1443 963 nutricis,
1477 914 1557 955 sed
1588 914 1635 957 in
1668 914 1840 968 gremio
1870 928 1923 956 ac
1955 914 2057 957 sinu

355 984 516 1025 matris
556 983 856 1033 educabatur,
897 984 1026 1026 cuius
1066 984 1311 1039 praecipua
1347 984 1446 1026 laus
1485 988 1581 1027 erat
1622 985 1741 1026 tueri
1782 984 1972 1026 domum
2009 989 2056 1027 et

355 1054 573 1095 inservire
599 1054 781 1096 liberis”
805 1055 919 1109 (cap.
941 1055 1016 1104 28;
1038 1055 1158 1096 Plut.
1175 1068 1274 1109 cap.
1295 1065 1335 1107 5,
1367 1069 1410 1110 p.
1433 1067 1505 1107 3c:
1534 1059 1601 1100 δεῖ
1633 1058 1680 1100 δέ
1701 1091 1709 1100 .
1730 1092 1739 1101 .
1763 1092 1772 1101 .
1812 1057 1945 1109 αὐτὰς
1975 1059 2057 1109 τὰς

351 1127 508 1182 ητὲρας
527 1154 584 1160 -
604 1129 680 1171 ἅτε
693 1131 859 1182 μισθοῦ
882 1131 1122 1183 φιλοῦσαι).
1157 1126 1280 1174 „Aut
1298 1125 1552 1180 eligebatur
1584 1126 1730 1167 maior
1760 1125 1914 1181 aliqua
1942 1130 2058 1168 natu

356 1196 628 1250 propinqua,
668 1196 796 1237 cuius
836 1195 1042 1251 probatis
1080 1197 1391 1251 spectatisque
1430 1196 1634 1238 moribus
1672 1196 1818 1238 omnis
1855 1190 2058 1239 eiusdem

354 1265 553 1308 familiae
577 1266 756 1308 suboles
779 1267 1175 1308 committeretur’'
1194 1267 1309 1321 (cap.
1325 1267 1400 1316 28;
1427 1266 1548 1308 Plut.
1572 1267 1683 1316 ibid,
1704 1281 1745 1322 p.
1766 1267 1824 1320 3d
1841 1280 1908 1322 sq.
1923 1280 1930 1309 :
1947 1270 2057 1326 μάλ-

354 1354 455 1381 ιστα
480 1339 554 1395 μὲν
567 1340 639 1382 οὖν
665 1366 723 1371 -—-
756 1339 1041 1395 δοκιμαστέον
1081 1340 1207 1392 ἐστί).
1239 1337 1330 1386 „At
1360 1350 1480 1378 nunc
1498 1341 1636 1379 natus
1651 1337 1803 1379 infans
1820 1337 2058 1402 delegatur

353 1407 601 1449 Graeculae
622 1407 758 1449 alicui
789 1407 993 1457 ancillae,
1027 1407 1098 1449 cui
1119 1407 1385 1461 adiungitur
1401 1421 1519 1449 unus
1537 1412 1618 1450 aut
1638 1407 1754 1450 alter
1769 1421 1827 1450 ex
1844 1403 2057 1450 omnibus

352 1478 508 1526 servis,
568 1478 834 1533 plerumque
887 1478 1131 1519 vilissimus
1196 1487 1278 1519 nec
1342 1478 1562 1533 cuiquam
1625 1478 1739 1520 serio
1805 1478 2056 1521 ministerio

352 1548 758 1590 accommodatus’'
793 1549 908 1603 (cap.
937 1561 1011 1603 29;
1041 1548 1160 1589 Plut.
1187 1562 1286 1603 cap.
1315 1560 1353 1602 7,
1381 1563 1426 1603 p.
1455 1559 1513 1602 4a
1547 1562 1637 1603 sq:
1658 1550 1750 1594 ἐπεὶ
1778 1555 1849 1594 νῦν
1882 1552 2055 1602 -τοὺς

351 1620 502 1673 υἱοὺς).
549 1619 759 1668 „Horum
783 1619 950 1661 fabulis
974 1623 1020 1660 et
1051 1618 1278 1661 erroribus
1307 1619 1452 1660 teneri
1481 1620 1644 1661 statim
1673 1624 1718 1661 et
1748 1619 1882 1662 rudes
1910 1619 2054 1662 animi

352 1690 638 1739 imbuuntur,
668 1703 751 1731 nec
781 1690 1025 1744 quisquam
1052 1689 1099 1730 in
1127 1693 1230 1731 tota
1260 1689 1397 1731 domo
1427 1690 1554 1744 pensi
1582 1690 1739 1740 habet,
1768 1690 1880 1745 quid
1897 1703 2052 1734 coram

352 1760 529 1802 infante
558 1760 745 1802 domino
773 1765 854 1802 aut
883 1760 1007 1802 dicat
1036 1764 1117 1802 aut
1140 1759 1327 1802 faciat.''
1355 1760 1470 1815 (cap.
1496 1772 1566 1815 29.
1592 1760 1714 1802 Plut.
1737 1774 1836 1815 cap.
1861 1770 1900 1814 5,
1937 1774 1980 1815 p.
1998 1762 2052 1804 3e

351 1844 416 1886 sq.
434 1844 441 1872 :
461 1834 706 1876 εὔπλαστον
734 1854 792 1859 —
816 1837 907 1884 τοῖς
936 1834 1121 1883 παιδίοις
1149 1831 1327 1889 λέγειν).
1360 1830 1558 1880 „Coram
1580 1844 1671 1886 qua
1693 1831 1877 1885 (maiore
1898 1831 2053 1886 aliqua

351 1906 467 1942 natu
503 1902 777 1956 propinqua)
811 1915 958 1956 neque
980 1901 1127 1943 dicere
1149 1902 1217 1943 fas
1238 1906 1336 1943 erat
1367 1901 1491 1956 quod
1512 1906 1646 1956 turpe
1669 1901 1796 1943 dictu
1822 1936 1830 1944 .
1855 1936 1863 1944 .
1887 1936 1896 1943 .
1922 1901 2075 1944 vide--

353 1976 480 2013 retur
519 1972 634 2026 (cap.
675 1972 745 2026 28)
776 2007 783 2014 .
811 2008 819 2016 .
841 2009 848 2016 .
889 1972 1008 2027 Quin
1030 1972 1171 2014 etiam
1193 1972 1279 2027 ipsi
1302 1976 1514 2027 parentes
1542 1986 1634 2014 non
1659 1972 1882 2027 probitati
1902 1985 2052 2027 neque

351 2042 604 2084 modestiae
642 2043 857 2097 parvulos
895 2043 1219 2091 assuefaciunt,
1257 2043 1337 2084 sed
1357 2042 1572 2084 lasciviae
1606 2046 1651 2084 et
1686 2042 1937 2092 dicacitati,
1973 2055 2053 2098 per

352 2126 470 2168 quae
524 2113 749 2167 paulatim
796 2114 1086 2168 impudentia
1132 2113 1347 2168 inrepit.''
1403 2114 1518 2168 (cap.
1556 2125 1631 2167 29;
1675 2112 1796 2155 Plut.
1837 2126 1937 2168 cap.
1981 2125 2048 2167 14,

353 2197 396 2238 p.
445 2197 496 2239 96
537 2197 627 2239 Sq.t
659 2185 736 2230 καὶ
784 2187 928 2243 μέντοι
971 2213 1030 2219 —
1077 2184 1389 2243 ἀξιομίσητον).
1447 2184 1574 2234 Haec
1627 2183 1719 2224 fere
1769 2187 1892 2233 sunt,
1933 2196 2052 2239 quae

352 2254 684 2296 Gudemannus
704 2254 825 2296 inter
845 2268 891 2296 se
914 2258 1166 2309 comparat,
1191 2254 1468 2309 pertinentia
1490 2254 1549 2296 ad
1569 2254 1773 2296 libellum
1795 2254 2050 2309 Chrysippi.
2080 2267 2083 2269 ·
2133 2266 2137 2269 ·

356 2325 445 2380 Qui
461 2325 563 2374 loci,
583 2338 866 2380 quamquam
882 2339 975 2367 non
991 2325 1214 2367 eiusmodi
1231 2329 1353 2374 sunt,
1372 2329 1424 2366 ut
1442 2325 1536 2366 sine
1554 2325 1694 2366 dubio
1711 2323 2052 2368 concedendum

351 2408 447 2436 esse
478 2395 692 2437 videatur
718 2409 795 2437 eos
823 2396 967 2438 artius
995 2396 1115 2437 inter
1141 2409 1187 2437 se
1216 2395 1453 2437 cohaerere
1475 2395 1505 2449 1)
1541 2394 1703 2449 (facere
1730 2408 1823 2436 non
1850 2407 2050 2449 possum,

352 2466 463 2520 quin
481 2466 537 2508 de
555 2466 687 2515 binis,
712 2480 826 2521 quos
840 2470 1093 2521 postremos
1113 2466 1344 2520 exscripsi,
1363 2465 1607 2520 dubitem),
1629 2469 1785 2507 tamen
1803 2465 1882 2506 vix
1897 2464 2052 2519 negari

353 2540 523 2590 potest,
551 2537 692 2578 verba
716 2536 865 2578 Taciti
891 2536 1197 2591 Chrysippum
1222 2535 1562 2590 quodammodo
1574 2535 1788 2578 redolere.
1804 2535 1881 2577 Sin
1896 2538 2052 2576 autem

354 2606 450 2647 iure
495 2606 825 2648 Gudemannus
868 2606 1106 2648 contendit
1149 2606 1296 2648 Taciti
1339 2606 1591 2648 sententias
1633 2605 1848 2648 oriundas
1890 2618 1985 2647 esse
2027 2617 2052 2646 e

400 2743 429 2778 1)
480 2742 635 2771 DYROFF
668 2751 741 2771 rem
773 2742 982 2772 addubitare
1018 2742 1181 2778 videtur.,
1222 2742 1265 2771 cf.
1302 2751 1333 2778 p.
1370 2748 1444 2776 270.
1476 2740 1765 2778 Haudquaquam
1783 2740 1951 2771 TAcrruu
1972 2748 2052 2769 cum

352 2795 561 2825 CHRYSIPPO
612 2795 807 2832 comparari
844 2797 920 2825 vult
957 2796 989 2832 J.
1024 2795 1056 2832 J.
1095 2795 1283 2824 HARTMAN
1320 2795 1486 2823 Mnemos.
1528 2803 1625 2830 1912,
1661 2802 1694 2830 p.
1734 2803 1796 2829 24²
1834 2802 1885 2830 sq.
1921 2801 1968 2816 =
1998 2794 2051 2823 De

351 2849 542 2878 Plutarcho
574 2849 742 2886 scriptore
775 2851 809 2878 et
839 2849 1047 2886 philosopho
1075 2849 1185 2885 Lugd.
1216 2850 1296 2878 Bat.
1330 2849 1425 2883 1916,
1456 2856 1489 2885 p.
1519 2854 1535 2883 5
1567 2857 1618 2885 sq.
