2228 3366
1214 248 1268 292 72

467 368 566 426 μήτ’
647 369 690 411 ἐν
748 370 851 418 ταῖς
891 367 1173 425 ἐὐπραγίαις
1357 362 1423 413 ’τὸ
1466 370 1543 424 μὲν
1577 371 1661 427 γὰρ
1694 371 1889 428 εὐγενῶς
1921 370 2096 429 ἀτυχεῖν

393 442 645 496 περιχαρεῖς
670 438 770 494 μήτ’
798 439 842 481 ἐν
870 442 972 489 ταῖς
1009 455 1173 495 συμφο-
1316 440 1483 496 ἀνδρός,
1528 442 1578 484 τὸ
1626 441 1974 498 δ’ἀνεπιφθόνως
1995 442 2097 492 (εὖ-

395 514 492 566 ραῖς
522 510 781 565 περιλύπους
807 509 1027 565 ὑπάρχειν,
1314 513 1477 568 τυχεῖν)
1509 512 1683 569 εὐηνίου
1713 512 1963 568 ἀνθρώπου,

394 601 461 643 ita
488 605 540 642 ut
569 601 797 650 chiastice‚
828 601 1215 656 quemadmodum
1244 602 1417 651 dicunt,
1446 602 1566 644 inter
1592 616 1638 644 se
1661 604 1968 659 comparanda
1987 604 2093 648 sint.

453 672 569 714 Utra
604 671 739 714 lectio
774 685 882 714 vera
917 673 976 714 sit
1012 685 1094 714 nec
1130 673 1277 714 dicere
1326 673 1486 722 ausim,
1542 687 1626 716 nec
1678 675 1831 729 magni
1875 675 2095 719 momenti

392 746 461 784 est
498 741 557 784 ad
593 742 878 798 propositum
899 743 1171 798 >nostrum.1)
1212 743 1312 785 Hoc
1347 743 1510 785 saltem
1545 745 1833 800 perspicuum
1867 742 1950 795 est,
1971 745 2095 802 quod

392 812 452 855 ad
487 813 802 868 gradationem
844 814 984 856 verba
1037 828 1080 869 q.
1118 828 1151 856 S.
1213 817 1379 872 ἀνδρός,
1428 817 1595 872 εὐηνίου
1646 818 1895 874 ἀνθρώπου,
1938 820 2094 876 σοφοῦ,

392 886 545 943 ἀνδρὸς
576 887 628 929 οὐ
660 890 736 930 τοῦ
769 886 974 943 τυχόντος
1019 885 1153 926 unius
1209 885 1501 940 eiusdemque
1558 886 1748 942 generis·
1787 899 1896 928 esse.
1925 887 2093 929 Postea

393 968 501 996 vero
547 959 708 997 auctor
753 954 957 1010 procedit
1000 969 1027 997 a
1069 956 1240 997 minore
1283 955 1342 998 ad
1387 956 1534 997 maius
1578 956 1647 998 his
1689 957 1857 999 verbis:
1901 960 2096 1012 τελείους

393 1027 693 1084 δ’ἀνθρώπους
722 1029 914 1085 ἡγοῦμαι
943 1029 1044 1079 τοὺς
1076 1028 1334 1085 δυναμένους
1364 1047 1407 1072 κ.
1438 1046 1479 1071 τ.
1508 1034 1555 1072 ·λ.

452 1096 657 1145 „Deinde
687 1103 832 1155 σοφῶν
866 1095 1039 1155 (σοφοῦ)
1070 1097 1216 1139 maius
1244 1101 1312 1139 est
1341 1111 1520 1146 munus
1551 1097 1695 1140 maior
1720 1098 1928 1148 facultas,
1955 1111 2095 1154 quam

391 1167 558 1209 ratione
587 1167 753 1209 vincere
781 1168 1018 1223 voluptates
1030 1181 1048 1215 ‚·
1075 1168 1160 1210 hoc
1189 1169 1310 1209 enim
1340 1171 1623 1227 σωφροσύνης
1650 1172 1718 1210 est
1747 1172 1799 1210 ut
1827 1169 1939 1211 item
1966 1168 2089 1212 iram

391 1237 652 1280 continere.''
681 1239 807 1280 Haec
833 1239 1157 1294 Wyttenbach.
1201 1239 1262 1281 At
1290 1239 1397 1281 alibi
1423 1252 1603 1294 quoque
1627 1239 1740 1294 (cap.
1763 1239 1889 1290 XIV,
1908 1253 1952 1295 p.
1973 1239 2092 1297 100),

392 1308 456 1350 ait
496 1308 766 1351 Plutarchus
805 1315 942 1368 σοφοῦ
970 1323 1065 1351 esse
1086 1310 1153 1351 ira
1176 1323 1352 1352 vacare.
1378 1310 1439 1351 Et
1461 1309 1516 1351 de
1539 1310 1643 1352 virt.
1667 1323 1779 1352 mor.
1803 1310 1847 1365 p.
1871 1309 1958 1364 446
1979 1309 2093 1353 haec

391 1378 522 1421 dicit:
569 1382 682 1441 Οὔτε
729 1383 814 1439 γὰρ
848 1383 870 1425 ὁ
901 1400 1014 1438 σοφ
1035 1383 1094 1433 ὸς
1139 1383 1359 1439 ἐγκρατὴς
1407 1383 1523 1426 ἀλλὰ
1573 1384 1850 1439 σώφρων.
1903 1380 2094 1445 Insuper

392 1464 483 1492 vox
513 1465 556 1505 q.
588 1464 625 1493 e.
658 1455 794 1510 σοφός
821 1451 889 1493 ita
917 1455 1138 1507 usurpata
1167 1452 1346 1506 saepius
1377 1451 1581 1493 occurrit
1612 1451 1735 1506 apud
1768 1451 1992 1507 Stoicos.2)

448 1510 566 1563 Tum
592 1522 773 1563 criticus
799 1522 1060 1576 aggreditur
1084 1522 1511 1577 peroratiunculam,
1540 1535 1656 1577 quae
1681 1521 1913 1564 concludit
1938 1521 2091 1565 locum

390 1593 485 1651 περὶ
520 1595 716 1646 παιδείας
749 1606 794 1646 p.
826 1593 894 1635 8b:
937 1595 1026 1639 Καὶ
1054 1594 1153 1651 περὶ
1186 1596 1261 1651 μὲν
1291 1596 1487 1645 παιδείας
1521 1594 1603 1638 οὐκ
1633 1595 1789 1639 οἷδ’ὅτι
1819 1596 1885 1639 δεῖ
1914 1595 2092 1639 πλείονα

391 1665 576 1722 λέγοντα
611 1666 862 1723 διατρίβειν.
907 1663 1145 1719 Duplicem
1188 1664 1417 1705 inscitiam
1455 1663 1523 1705 his
1565 1663 1714 1705 verbis
1750 1664 1893 1705 inesse
1915 1662 2089 1706 iudicat

390 1733 720 1788 Wyttenbach:
758 1729 986 1789 „primum
1018 1734 1142 1790 quod
1174 1735 1342 1776 multas
1375 1735 1575 1788 παιδείας
1595 1738 1746 1789 partes
1763 1733 1942 1776 silentio
1958 1747 2086 1789 prae-

390 1804 559 1854 teriit,”
584 1819 675 1860 qua
697 1805 752 1846 de
773 1819 820 1846 re
835 1819 972 1860 supra
984 1806 1077 1847 iam
1092 1805 1260 1860 agen53)
1279 1805 1456 1847 ostendi
1473 1805 1595 1846 'hanc
1617 1804 1799 1860 culpam
1819 1817 1914 1847 esse
1935 1804 2090 1854 fontis,

390 1875 467 1930 qui
487 1876 527 1917 ei
548 1876 672 1931 plura
697 1890 787 1918 non
809 1876 1060 1931 praeberet.
1099 1876 1271 1917 Auctor
1290 1879 1445 1917 autem
1469 1875 1603 1918 huius
1626 1874 1779 1924 fontis,
1802 1872 1906 1916 cum
1925 1875 2021 1930 ipse
2041 1875 2086 1916 in

380 1945 645 2003 ‘Stoicorum
680 1947 858 2002 scriptis
896 1947 1039 2002 plura,
1079 1960 1195 2001 quae
1233 1946 1292 1988 ad
1331 1946 1631 1987 eruditionem
1669 1945 1959 2000 pertinerent,
1998 1958 2090 1987 non

388 2014 633 2059 invenisset
673 2017 741 2058 his
776 2017 847 2058 vel
872 2017 1042 2058 talibus
1076 2017 1224 2058 verbis
1252 2017 1402 2058 locum
1434 2018 1531 2074 περὶ
1573 2019 1773 2068 παιδείας
1818 2015 2087 2058 conclusisse

389 2087 585 2129 videtur.
619 2088 853 2137 „Deinde”
882 2088 1027 2143 pergit
1066 2087 1377 2143 Wyttenbach
1415 2086 1569 2142 „quod
1596 2087 1813 2128 continuo
1831 2086 2086 2141 subiungit:

389 2157 476 2199 Sed
494 2163 673 2213 praeter
691 2172 757 2208 ea,
781 2147 897 2214 quae
917 2158 1128 2208 diximus,
1151 2158 1262 2200 utile
1287 2158 1428 2199 immo
1467 2157 1769 2199 necessarium
1810 2156 1964 2211 potius
2004 2160 2086 2206 est,

388 2242 650 2284 comparare
678 2230 763 2271 sibi
792 2234 998 2271 veterum
1025 2229 1175 2271 libros.
1206 2229 1277 2270 An
1305 2242 1410 2283 ergo
1436 2227 1654 2270 librorum
1681 2227 1964 2282 comparatio
1995 2240 2088 2268 non

388 2303 457 2340 est
508 2300 751 2341 coniuncta
801 2314 905 2342 curn
956 2300 1174 2357 παιδείᾳΡ
1215 2300 1260 2341 Si
1295 2303 1377 2348 est,
1416 2312 1555 2354 quare
1591 2297 1714 2347 dicis,
1752 2302 1798 2339 te
1833 2311 1925 2341 non
1961 2297 2085 2347 scire,

388 2369 500 2424 quid
548 2370 742 2425 amplius
790 2370 845 2412 de
895 2373 1073 2428 παιδείᾳ
1123 2370 1305 2412 dicas?”
1340 2383 1378 2411 e.
1415 2384 1457 2424 q.
1493 2383 1527 2411 s.
1563 2369 1867 2424 Nequaquam
1900 2380 2007 2408 vero
2039 2367 2089 2408 id

436 2507 465 2542 1)
514 2507 568 2537 Ad
590 2508 703 2537 locum
728 2507 771 2536 cf.
797 2507 966 2536 AR1sro‘r.
992 2507 1072 2536 Eth.
1100 2507 1233 2536 Nicom.
1258 2506 1318 2542 IV,
1343 2512 1373 2542 7,
1400 2515 1508 2542 1124a
1532 2515 1570 2535 12
1594 2514 1670 2542 sqq.
1695 2505 1915 2534 STALLBAUM
1935 2504 1973 2532 in
1997 2503 2087 2534 Plat.

387 2560 492 2597 Soph.
518 2560 625 2595 217d:
646 2554 839 2603 ,,εὐηνίως,
863 2569 941 2590 cum
959 2560 1096 2597 proprie
1109 2559 1151 2588 de
1166 2570 1206 2590 eo
1229 2562 1392 2596 ponatur,
1418 2559 1598 2596 quifacile
1622 2557 1766 2588 habenis
1787 2557 1955 2593 flectitur,
1978 2558 2090 2586 mcta-

373 2612 526 2650 'phorice
550 2613 678 2642 dicitur
701 2614 759 2650 qui
782 2613 893 2643 facilis
915 2616 967 2642 est
992 2614 1091 2642 alteri
1115 2615 1221 2650 atque
1244 2611 1447 2641 commodus
1470 2620 1582 2649 neque
1599 2611 1629 2640 ei
1647 2613 1776 2640 temere
1789 2609 2025 2646 refragatut;'’
2043 2609 2088 2640 ad

388 2674 509 2695 vocem
537 2676 568 2703 q.
596 2675 624 2695 e.
651 2660 785 2710 ἀνδρὸς
810 2667 932 2695 eodem
958 2665 1067 2696 modo
1095 2667 1303 2702 usurpatum
1327 2668 1434 2702 atque
1457 2665 1637 2694 hocloco:
1665 2663 1850 2692 Ps.-PLUT.
1878 2662 2014 2692 consol.
2042 2662 2087 2692 ad

388 2719 514 2757 Apoll„
542 2728 574 2756 p.
605 2719 693 2755 118f‚
713 2720 887 2748 MENAND.
909 2720 1003 2757 apud
1021 2719 1125 2748 Smss.
1150 2719 1238 2748 Flor.
1263 2724 1293 2754 7,
1317 2718 1369 2753 98,
1396 2718 1502 2746 Kocu
1523 2717 1557 2746 C.
1582 2717 1622 2746 A.
1648 2717 1682 2745 F.
1708 2716 1775 2752 III,
1798 2725 1831 2752 p.
1856 2723 1918 2751 215
1940 2715 1982 2745 fr.
2007 2720 2081 2750 771.

387 2771 549 2802 Ceterum
571 2772 811 2802 CHRYSIPPUM
835 2772 999 2801 delectari
1020 2771 1206 2808 participio
1227 2780 1258 2808 q.
1274 2779 1302 2800 e.
1318 2764 1359 2800 οὐ
1372 2762 1508 2812 τυχῶν
1521 2770 1673 2800 DYROFF
1692 2771 1852 2806 annotat,
1866 2777 1899 2806 p.
1915 2770 1991 2805 262,
2005 2776 2039 2798 n.
2055 2776 2084 2804 3.

415 2825 465 2862 ⁴2)
514 2825 565 2855 Cs.
588 2825 753 2862 Dvnorr,
775 2834 807 2861 p.
831 2826 906 2861 262,
928 2834 961 2862 p.
984 2826 1045 2854 262
1067 2833 1101 2854 n.
1125 2831 1154 2860 5.
2027 2824 2031 2827 “

434 2879 463 2916 3)
513 2879 602 2909 Vide
623 2888 656 2916 p.
686 2880 738 2909 61.
1053 2874 1058 2878 ’
