2228 3366
982 224 1037 267 17

151 345 202 388 in
234 344 325 388 den
359 347 514 387 ersten
551 343 949 399 Lebensjahren’';
985 346 1150 390 παίδων
1187 357 1294 385 vero
1330 346 1490 403 ἀγωγή
1527 343 1587 385 ad
1620 343 1884 386 universam

154 428 404 472 puerorum
424 415 755 459 educationem
777 419 974 471 spectat.
1001 415 1251 470 Propterea
1272 428 1365 457 non
1388 414 1538 463 video,
1563 427 1645 456 cur
1667 419 1884 470 putemus.

154 485 462 535 Plutarchum
496 485 583 528 1100
617 485 719 527 1000
753 489 934 541 partem
967 484 1258 527 educationis
1292 484 1518 526 indicasse
1554 498 1635 540 pro
1670 484 1887 527 universa

153 556 452 607 educatione;
485 557 647 612 itaque
680 570 798 612 nego
830 557 917 599 hoc
954 556 1193 599 Plutarchi
1225 556 1327 599 loco
1360 571 1454 600 non
1487 571 1710 613 apparere
1745 557 1888 614 Chry-

155 630 342 686 sippum
381 629 551 672 librum
592 629 825 685 scripsisse
864 630 962 687 περὶ
995 631 1340 688 παιδοτροφίας;
1396 630 1523 684 quod
1564 643 1649 672 nos
1698 630 1886 686 quidem

153 702 366 751 sciamus,
409 715 517 744 eum
545 701 733 745 omnino
768 715 862 743 non
894 701 1126 757 scripsisse
1158 702 1256 759 περὶ
1287 703 1454 746 παίδων
1487 703 1688 760 ἀγωγῆς,
1721 706 1885 744 0011113

153 773 384 828 Jonsium‚
428 772 801 822 Gudemannum,
845 772 1113 828 Dyroffium
1155 776 1318 828 postea
1358 772 1705 815 demonstrabo.
1751 773 1884 814 Prius

153 844 267 886 mihi
303 843 676 900 respondendum
712 847 782 885 est
821 843 1036 899 Dyroffio
1074 843 1267 887 dicenti:
1311 843 1484 893 „Nicht
1522 843 1769 886 erfindlich
1806 843 1882 893 ist,

151 928 328 958 warum
348 913 630 971 Chrysippos
650 913 814 968 gerade
837 908 925 957 nur
945 913 1059 956 iiber
1083 913 1187 963 „die
1211 912 1540 968 Kinderpflege
1561 913 1609 954 in
1626 913 1717 956 den
1731 900 1884 956 ersten

155 984 531 1040 Lebensjahren’'
567 984 700 1027 hatte
735 984 936 1027 handeln
973 985 1131 1035 sollen‚
1179 999 1273 1028 was
1326 985 1446 1028 doch
1491 988 1888 1046 παιδοτροφία

154 1057 236 1101 der
270 1057 563 1114 Etymologie
591 1058 712 1101 nach
741 1057 1049 1114 bedeutet’'.¹)

213 1129 459 1172 WILHELM
509 1129 692 1171 SCHICK
740 1128 788 1170 in
837 1128 1170 1184 disputatione,
1222 1129 1352 1171 cuius
1402 1129 1596 1171 titulum
1650 1130 1887 1179 „Favorin

151 1202 250 1260 περὶ
281 1204 446 1247 παίδων
482 1203 667 1261 ἀγωγῆς
708 1199 807 1242 111κ1
847 1200 921 1242 (110
962 1200 1121 1242 antike
1146 1200 1588 1256 Erziehungslehre”
1627 1214 1769 1257 supra
1791 1201 1886 1243 iam

154 1272 531 1322 commemoravi,
573 1271 844 1314 nutritionis
883 1272 1137 1315 infantium
1177 1272 1510 1315 tractationem
1551 1272 1692 1315 fuisse
1733 1272 1887 1315 locum

155 1357 450 1387 communem
469 1343 596 1400 apud
616 1348 795 1386 veteres
815 1343 1115 1400 philosophos
1134 1355 1188 1386 ’30
1206 1344 1408 1386 medicos
1428 1343 1649 1386 ostendit,
1671 1344 1882 1386 Afferam

154 1415 379 1458 SCHICKH
407 1415 565 1465 verba,
594 1419 647 1457 ut
676 1415 1008 1471 perspiciamus
1035 1415 1163 1458 haud
1190 1415 1286 1458 sine
1313 1420 1554 1458 momento
1581 1415 1705 1459 hunc
1733 1415 1887 1458 locum

153 1486 417 1536 iudicatum
444 1499 542 1529 esse
572 1500 600 1529 a
628 1487 915 1543 philosophis
943 1500 1160 1543 eumque,
1188 1491 1460 1543 separatum
1490 1501 1518 1529 a
1545 1487 1723 1543 reliqua
1753 1492 1886 1543 parte

152 1557 456 1610 educationis,
473 1558 600 1603 abiis
612 1563 872 1602 tractatum
886 1572 998 1601 esse.
1018 1559 1172 1609 „Dasz
1187 1559 1270 1601 das
1282 1558 1673 1608 Ammenthema”
1692 1559 1882 1615 inquit2)

155 1643 281 1680 „von
295 1629 378 1673 der
392 1629 830 1686 Moralphilosophie
846 1630 1134 1686 selbst'andig
1147 1630 1245 1674 und
1260 1644 1344 1673 aus
1360 1630 1466 1672 dem
1483 1630 1888 1686 Zusammenhang

153 1700 235 1744 der
263 1701 674 1757 Erziehungslehre
702 1702 919 1758 losgelost
949 1701 1201 1745 behandelt
1231 1701 1402 1750 wurde,
1434 1701 1623 1743 beweist
1658 1736 1667 1744 .
1693 1736 1700 1744 .
1726 1736 1734 1743 .
1766 1701 1887 1744 auch

154 1771 444 1815 AMBRosms
473 1772 530 1814 de
559 1773 670 1815 Abr.
704 1773 741 1822 I,
772 1786 813 1828 7,
845 1773 914 1827 63,
947 1773 1028 1815 der
1056 1787 1114 1815 zu
1143 1773 1256 1815 Gen.
1290 1785 1360 1822 21,
1385 1785 1411 1828 7
1431 1773 1665 1815 bemerkt:
1697 1773 1886 1816 moralis

154 1842 297 1887 locus.
332 1847 652 1900 provocantur
684 1844 883 1888 feminae
915 1844 1178 1888 meminisse
1211 1844 1455 1900 dignitatis
1488 1857 1598 1887 suae
1630 1849 1677 1887 et
1710 1845 1885 1887 lactare

155 1914 277 1958 filios
310 1928 418 1958 suos
457 1950 466 1958 .
491 1950 532 1958 ..
569 1915 768 1971 denique
803 1929 880 1958 eos
916 1916 1019 1972 plus
1054 1929 1210 1959 amare
1246 1915 1366 1958 filios
1400 1915 1567 1965 solent,
1604 1930 1722 1972 quos
1755 1917 1884 1973 ipsae

153 1990 326 2030 matres
352 1986 631 2030 lactaverint
658 1987 878 2030 uberibus
905 1987 1088 2043 suis”.³)
1111 1987 1329 2030 MUSONII
1349 2000 1534 2043 quoque
1553 1988 1699 2030 verba
1718 1988 1884 2030 Schick

144 2063 382 2102 ‘memorat
399 2058 448 2102 in
467 2058 616 2101 Sacris
636 2059 871 2101 Parallelis
892 2059 1078 2103 Ioannis
1098 2059 1374 2101 Damasceni
1391 2058 1621 2114 tradita.⁴¹)
1645 2059 1884 2102 Musonius

154 2129 222 2172 ait
268 2129 412 2172 etiam
461 2130 644 2172 feminis
676 2140 774 2172 esse
809 2131 1253 2187 philosophandum:
1291 2130 1631 2186 philosophiam
1665 2143 1743 2173 eas
1778 2145 1884 2173 cum

154 2201 306 2244 multa
325 2201 418 2244 alia
437 2201 615 2252 docere,
639 2206 743 2244 tum
763 2202 908 2244 etiam
929 2215 986 2244 ne
1007 2202 1190 2245 labores
1211 2202 1461 2257 effugiant:
1495 2205 1704 2256 ὡσαύτως
1722 2205 1770 2249 δὲ
1806 2205 1881 2249 καὶ

153 2334 196 2364 cf.
231 2334 389 2365 Dvnorr
417 2344 450 2372 p.
483 2343 559 2371 240,
586 2343 619 2364 n.
651 2344 679 2364 1.
712 2335 888 2365 SORANUS
904 2344 1045 2373 quoque
1061 2344 1102 2364 ea
1118 2338 1219 2372 parte
1235 2335 1315 2364 libri
1331 2335 1387 2364 cui
1405 2335 1532 2364 titulus
1547 2328 1631 2377 περὶ
1649 2330 1880 2374 γυναικείων

152 2377 402 2426 toeflfflssquae
415 2388 623 2418 inscribitur
642 2382 659 2418 ὁ
677 2383 767 2432 παρ)
783 2382 1056 2432 παιδοτροφίας
1072 2383 1190 2430 λόγος
1206 2389 1296 2426 (cap.
1317 2387 1662 2424 XXVI—XLVHI)
1680 2396 1751 2417 non
1767 2388 1882 2418 solum

154 2441 227 2479 agit
253 2441 297 2471 de
314 2441 393 2479 ipsa
410 2441 607 2472 nutritione
623 2442 785 2478 infantis,
805 2451 929 2472 verum
947 2443 1057 2472 etiam
1076 2442 1118 2471 de
1139 2451 1233 2478 cura,
1256 2451 1345 2479 quae
1365 2444 1444 2479 post
1464 2441 1698 2471 nutritionem
1716 2442 1752 2471 in
1773 2450 1882 2478 puero

153 2493 340 2525 educando
363 2495 597 2526 consumitur:
622 2496 666 2525 cf.
693 2495 831 2526 50111οκ
856 2505 888 2533 p.
916 2504 945 2532 5.

202 2548 233 2586 1)
283 2557 318 2586 p-
337 2557 414 2586 239·

200 2601 236 2638 2)
254 2610 290 2639 p.
313 2611 347 2638 2,
363 2610 399 2631 n.
418 2611 449 2638 4.

201 2655 233 2692 3)
280 2655 333 2686 Cf.
380 2655 490 2685 Ριυτ.
534 2649 617 2699 περὶ
659 2649 764 2687 meta.
810 2651 943 2697 ἀγωγ.
991 2665 1067 2693 cap.
1102 2664 1132 2691 5,
1166 2665 1198 2693 p.
1232 2664 1282 2692 302
1311 2644 1444 2692 δεῖδὲ,
1476 2649 1525 2690 ὡς
1558 2650 1639 2696 ἐγὼ
1670 2647 1716 2685 ἂν
1745 2649 1877 2698 φαίην,

152 2701 271 2742 αὐτὰς
313 2703 384 2745 ταὶς
427 2706 600 2753 μητέρας
641 2705 690 2739 τοὶ
733 2706 852 2739 τέκνα
895 2706 1045 2753 τρέφειν
1087 2703 1150 2739 καὶ
1206 2703 1351 2743 τούτοις
1381 2699 1465 2743 τοὺς
1496 2699 1669 2752 μαστοὺς
1699 2702 1875 2751 ὑπέχειν·

150 2752 482 2806 συμπαθέστερόν
511 2768 554 2793 τε
586 2758 665 2806 γὰρ
696 2753 887 2806 θρέψουσι
917 2757 980 2793 καὶ
1010 2755 1073 2793 διαὶ
1101 2759 1274 2796 πλείονος
1303 2758 1541 2806 ἐπιμελείας,
1570 2757 1619 2797 ὡς
1647 2754 1694 2792 ἂν
1721 2752 1878 2793 ἔνδοθεν

151 2809 216 2846 καὶ
243 2805 287 2846 τὸ
315 2807 363 2856 δὴ
390 2810 604 2859 λεγόμενον
630 2807 679 2857 ἐξ
702 2811 855 2859 ὀνύχων
884 2811 1094 2857 ἀγαπῶσαι
1127 2812 1177 2846 τὰ
1201 2812 1331 2846 τέκνα.

200 2869 234 2907 4)
283 2869 337 2899 ed.
356 2870 489 2899 Hense
510 2866 638 2908 (1905),
659 2880 691 2908 p.
714 2880 764 2906 11,
787 2870 881 2900 Sron
899 2870 944 2907 11,
967 2881 1017 2908 31,
1047 2873 1119 2906 126,
1143 2879 1176 2908 p.
1197 2879 1272 2907 244.

197 2943 232 2976 S.
1814 2952 1829 2971 2
