2228 3366
979 217 1034 262 19

337 343 358 396 §
399 353 440 395 3.
505 339 572 382 De
620 338 868 394 Chrysippi
913 339 1011 396 περὶ
1041 339 1350 396 παιδοτροφίας
1401 335 1540 379 libelli
1587 335 1712 392 apud

677 409 1014 466 Quintilianum
1051 408 1314 451 testimonio.

213 545 298 595 Ea,
328 557 448 601 quae
475 543 708 599 superiore
737 541 1026 597 paragrapho
1055 541 1154 582 dixi
1182 540 1238 582 de
1267 541 1427 590 titulo,
1458 555 1596 598 quem
1624 542 1750 598 apud
1779 542 1886 585 Plu—

75 617 89 623 '
152 617 371 660 tarchum
411 615 691 663 invenimus,
734 613 929 656 fortasse
971 612 1104 654 facile
1147 613 1249 668 quis
1290 613 1539 655 concedere
1582 617 1754 669 posset,
1796 614 1885 656 nisi

152 688 402 744 quominus
423 686 537 729 mihi
559 685 874 733 assentiretur,
897 697 1004 726 eum
1024 683 1270 739 impediret
1295 684 1570 740 Quintiliani
1588 685 1729 736 locus,
1747 700 1886 742 quem

151 773 294 816 supra
339 759 434 802 iam
483 756 857 800 commemoravi.
909 756 1063 798 Primo
1112 755 1431 798 Institutionis
1479 756 1720 800 Oratoriae
1767 757 1885 800 libro

153 830 474 888 Quintilianus
523 829 619 884 agit
669 828 725 870 de
775 839 1035 883 puerorum,
1087 827 1359 883 priusquam
1408 827 1582 870 rhetori
1614 829 1885 879 traduntur,

150 901 430 945 educatione
453 904 596 956 atque
619 899 931 941 institutione.
960 898 1121 954 „Ego”
1146 899 1299 954 inquit
1326 912 1462 948 „cum
1485 899 1747 942 existimem
1770 900 1884 943 nihil

151 973 248 1016 arti
268 971 500 1016 oratoriae
522 970 739 1020 alienum,
762 970 858 1013 sine
880 983 972 1025 quo
995 969 1095 1011 fieri
1115 983 1208 1012 non
1231 983 1363 1025 posse
1385 974 1617 1013 oratorem
1639 971 1884 1015 fatendum

150 1049 239 1094 est,
264 1056 348 1086 nec
372 1042 433 1086 ad
457 1042 579 1085 illius
603 1042 666 1084 rei
691 1055 921 1084 summam
945 1041 1033 1083 nisi
1058 1041 1443 1097 praecedentibus
1467 1042 1611 1085 initiis
1637 1044 1882 1103 perveniri,

149 1114 211 1158 ad
221 1115 401 1159 minora
413 1113 507 1163 illa,
524 1112 605 1155 sed
617 1125 736 1168 quae
747 1111 785 1154 si
797 1111 1024 1167 neglegas
1038 1125 1132 1154 non
1143 1111 1203 1153 sit
1216 1111 1467 1154 maioribus
1478 1112 1620 1162 locus,
1639 1113 1885 1157 demittere

152 1200 227 1230 me
244 1200 336 1230 non
353 1186 576 1229 recusabo
593 1199 676 1230 nec
696 1184 829 1227 aliter
847 1198 988 1241 quam
1007 1185 1044 1227 si
1061 1185 1175 1227 mihi
1194 1185 1411 1227 tradatur
1426 1185 1695 1230 educandus
1715 1191 1885 1237 orator,

115 1305 118 1308 ,
152 1258 312 1302 studia
335 1258 436 1301 eius
462 1258 660 1300 formare
686 1257 748 1299 ab
771 1256 972 1301 infantia
996 1256 1303 1312 incipiam.’'¹)
1334 1257 1526 1313 Saepius
1551 1262 1711 1300 autem
1736 1259 1887 1315 primo

153 1329 241 1373 hoc
264 1329 383 1372 libro
405 1329 661 1373 sententias
685 1328 931 1384 Chrysippi
955 1327 1162 1384 praebet,
1188 1342 1304 1384 quas
1327 1341 1351 1369 e
1378 1330 1670 1385 „praeceptis
1693 1329 1750 1372 de
1775 1330 1888 1372 libe-

153 1415 310 1444 rorum
343 1400 621 1444 educatione
657 1399 955 1455 compositis'’
993 1399 1242 1454 sumpsisse
1277 1399 1478 1449 videtur,
1516 1414 1654 1456 quem
1692 1401 1886 1445 titulum

153 1487 182 1516 a
218 1473 369 1516 doctis
405 1472 515 1514 viris
556 1472 727 1514 Graece
763 1484 947 1514 versum
969 1484 1065 1513 esse
1087 1472 1184 1529 περὶ
1211 1472 1376 1518 παίδων
1397 1474 1578 1532 ἀγωγῆς
1603 1487 1744 1529 supra
1771 1473 1885 1519 dixi.

154 1544 244 1588 Sed
286 1557 397 1587 mox
435 1557 513 1586 eos
560 1543 684 1586 locos
735 1543 1000 1598 diligentius
1044 1542 1397 1599 explorantibus
1442 1544 1576 1586 nobis
1622 1546 1885 1600 apparebit,

153 1615 282 1672 quod
315 1615 376 1659 ad
410 1619 737 1671 argumentum
771 1614 885 1656 nihil
920 1614 1118 1664 obstare,
1158 1615 1406 1670 quominus
1443 1615 1786 1671 Quintilianum
1808 1617 1888 1659 de·

154 1686 432 1743 prompsisse
475 1700 554 1729 eos
589 1690 806 1742 putemus
824 1684 857 1727 'e
887 1685 1132 1741 Chrysippi
1160 1685 1292 1737 libro,
1323 1687 1396 1728 cui
1425 1686 1591 1729 titulus
1620 1688 1759 1731 fuerit
1786 1699 1886 1748 περὶ

151 1761 480 1818 παιδοτροφίας.
522 1757 771 1813 Quaeritur
814 1757 969 1812 igitur,
1017 1770 1169 1799 nonne
1216 1757 1531 1813 Quintilianus
1562 1759 1732 1811 verbis,
1752 1775 1885 1817 *quae

155 1834 286 1873 sunt:
320 1834 600 1885 „praecepta
629 1829 686 1871 de
716 1828 966 1870 liberorum
1011 1828 1286 1871 educatione
1335 1831 1665 1887 composita''2)
1716 1832 1885 1875 librum

152 1902 251 1960 περὶ
282 1903 592 1960 παιδοτροφίας
622 1900 947 1956 designaverit.

216 1972 423 2014 Primum
465 1972 709 2015 videamus
765 1971 961 2014 liceatne
1015 1985 1095 2027 per
1131 1972 1232 2027 ipsa
1270 1973 1469 2028 verba.³)
1512 1974 1615 2016 Vox
1653 1989 1772 2031 quae
1812 1981 1886 2018 est

155 2044 342 2087 educare
364 2043 554 2099 eiusque
580 2043 793 2086 derivata
818 2043 1032 2093 educatio,
1061 2044 1265 2086 educator
1289 2044 1521 2100 duplicem
1546 2046 1722 2089 habent
1747 2047 1887 2102 signi-

157 2115 448 2166 ficationem;
475 2115 624 2171 primo
650 2115 808 2157 valent
835 2115 1019 2165 nutrire,
1047 2115 1247 2165 nutritio,
1276 2115 1479 2166 nutritor,
1508 2131 1626 2172 quae
1652 2120 1886 2162 sententia

155 2187 217 2230 ad
228 2200 394 2243 corpus
407 2186 634 2242 imprimis
650 2191 847 2242 spectat,
866 2191 971 2229 tum
990 2200 1099 2230 vero
1118 2188 1361 2237 instituere,
1383 2188 1620 2238 institutio,
1643 2189 1881 2241 institutor,

158 2272 299 2314 quam
316 2258 412 2300 vim
427 2272 533 2301 cum
549 2258 738 2310 habent,
759 2258 819 2301 ad
836 2259 1043 2301 animum
1056 2260 1304 2314 pertinent.
1320 2259 1447 2302 Haec
1466 2264 1624 2302 autem
1638 2261 1885 2304 verborum

158 2330 438 2386 significatio
475 2330 694 2372 usitatior
728 2344 825 2372 esse
862 2330 1062 2380 videtur,
1101 2331 1260 2386 itaque
1299 2331 1507 2385 JONsms
1544 2346 1597 2374 ac
1634 2337 1740 2387 post
1776 2347 1885 2375 eum

159 2401 414 2444 GUDEMAN
437 2406 484 2444 et
510 2402 717 2444 DYROFF
738 2402 880 2445 etiam
903 2402 989 2444 hoc
1013 2403 1287 2458 Quintiliani
1310 2403 1409 2445 loco
1433 2404 1585 2446 verbis
1609 2418 1654 2459 q.
1679 2409 1714 2446 s'.
1742 2404 1886 2454 „edu-

111 2460 113 2462 ”
158 2472 283 2515 catio
294 2472 577 2515 liberorum''
591 2474 870 2516 sententiam
887 2474 1225 2523 „institutionis
1240 2489 1293 2516 ac
1306 2475 1575 2530 disciplinae
1596 2475 1880 2518 liberorum''

162 2544 322 2599 (quam
363 2544 525 2586 Graeci
568 2550 738 2587 vocant
779 2548 942 2591 παίδων
991 2547 1190 2605 ἀγωγήν)
1235 2546 1381 2589 inesse
1425 2551 1727 2601 putaverunt.
1764 2548 1886 2589 Fieri

209 2706 238 2741 1)
290 2705 378 2734 lust.
403 2705 461 2735 Or.
487 2706 516 2742 Ι,
542 2706 702 2736 Prooem.
727 2715 758 2743 5.

207 2759 239 2794 2)
267 2798 270 2799 ⁷
291 2758 319 2794 1,
339 2759 396 2791 ¹11.
423 2766 473 2794 17.

209 2813 239 2848 3)
290 2812 417 2849 Agitur
432 2811 474 2841 de
491 2812 607 2842 verbis
624 2822 656 2850 q.
674 2823 700 2843 s.
717 2813 786 2850 „de
802 2814 994 2844 liberorum
1009 2814 1264 2852 educatione'';
1283 2816 1390 2845 verba
1407 2825 1439 2852 q.
1456 2824 1482 2845 s.
1501 2816 1727 2853 „praeceptis
1742 2825 1886 2853 compo·

156 2864 262 2895 sitis”
286 2873 371 2894 cave
394 2865 501 2895 titulo
524 2865 746 2897 adnumeres.
