2228 3366
1160 231 1213 274 14

340 349 491 404 primo
521 349 621 391 loco
653 348 855 404 ponitur,
888 348 925 389 si
955 352 1111 390 totum
1142 353 1334 403 spectes,
1368 349 1541 404 optime
1571 354 1781 392 servatus
1811 354 1896 400 est,
1929 349 2045 407 phy-

338 420 536 462 sicorum
571 424 698 461 totus
734 418 966 460 intercidit
1003 432 1108 460 cum
1143 419 1347 461 maxima
1383 423 1513 474 parte
1549 419 1878 475 moralium.''¹)
1918 421 2046 463 Inter

339 490 449 532 haec
469 503 606 545 opera
623 489 814 531 moralia
831 488 1034 538 titulum,
1054 502 1190 544 quem
1207 489 1482 544 quaerimus,
1499 490 1636 532 fuiSSe
1654 491 1748 532 veri
1764 490 2045 533 simillimum

337 565 422 602 est.
460 560 580 602 Alibi
615 560 756 614 igitur
788 559 1162 614 investigandum
1197 565 1280 602 est.
1307 560 1664 615 QUINTILIANUS
1684 561 1837 604 Instit.
1858 562 1986 604 Orat.
2006 561 2044 611 Ι,
2092 584 2093 587 =

343 644 411 680 11,
452 643 505 685 17
540 631 653 672 haec
690 630 822 672 dicit:
865 644 1000 679 „cum
1036 631 1306 685 praesertim
1342 630 1454 672 haec
1490 631 1787 681 chironomia,
1824 645 1941 688 quae
1975 637 2043 675 est

343 702 404 756 (in
425 696 608 743 nomine
626 701 725 756 ipso
746 701 1100 756 declaratur)lex
1119 706 1287 755 gestus,
1308 706 1354 742 et
1374 701 1433 743 ab
1450 701 1537 743 illis
1554 702 1838 757 temporibus
1855 702 2046 745 heroicis

340 776 443 814 orta
468 773 527 814 sit
553 776 599 814 et
627 786 653 814 a
678 772 868 813 summis
895 772 1112 814 Graeciae
1140 772 1248 813 viris
1274 776 1414 827 atque
1440 772 1539 827 ipso
1566 773 1707 814 etiarn
1734 773 1919 815 Socrate
1945 785 2047 828 pro-

340 843 468 892 bata,
510 857 536 884 a
579 843 771 884 Platone
813 855 996 897 quoque
1035 842 1082 883 in
1123 847 1252 897 parte
1292 843 1496 884 civilium
1536 843 1687 898 posita
1726 843 1955 885 virtutum
1999 846 2047 885 et

341 913 594 968 Chrysi-ppo
635 913 685 955 in
724 913 969 968 praeceptis
1009 913 1060 954 de
1099 913 1332 955 liberorum
1372 913 1624 955 educatione
1664 913 1917 969 compositis
1954 925 2048 970 non
2087 961 2089 965 f

340 984 557 1026 omissa.''
602 985 688 1032 En,
732 984 956 1025 habemus
998 983 1053 1024 de
1096 983 1338 1039 Chrysippi
1379 984 1550 1039 scripto
1589 984 1822 1027 indicium.
1867 985 1938 1026 Ex
1977 983 2074 1042 his·

342 1055 615 1110 Quintiliani
647 1054 798 1096 verbis
831 1054 1038 1108 JONSIUs
1059 1055 1090 1108 2)
1126 1054 1299 1109 primus
1330 1054 1520 1096 titulum
1549 1054 1652 1096 libri
1683 1055 1862 1110 collegit
1892 1055 1974 1111 ita,
1994 1058 2046 1096 ut

340 1125 566 1180 legeretur
624 1125 814 1166 Graece:
873 1126 969 1183 περὶ
1013 1128 1177 1170 παίδων
1217 1128 1413 1184 ἀγωγῆς.
1461 1125 1541 1167 Cui
1599 1125 1740 1168 tacite
1798 1125 2047 1168 GUDEMAN

340 1196 645 1250 assentitur.3)
683 1196 846 1237 Fusius
878 1195 1231 1251 distinctiusque
1265 1197 1469 1238 DYROFF
1501 1195 1556 1237 de
1589 1195 1726 1238 titulo
1759 1195 1867 1251 agit.
1902 1196 2046 1238 Docet

344 1266 643 1308 Plutarchum
676 1266 830 1321 (Stoic.
860 1279 953 1320 rep.
987 1276 1097 1319 1035
1127 1266 1172 1320 b)
1205 1279 1560 1308 commemorare
1588 1256 1779 1308 titulum
1807 1265 2048 1322 Chrysippi

338 1339 435 1395 περὶ
483 1340 787 1396 παιδοτροφίας
841 1337 964 1386 libri;
1015 1341 1117 1378 tum
1165 1337 1227 1378 sic
1270 1337 1590 1379 ratiocinatur:
1631 1336 1929 1381 Plutarchum
1962 1336 2047 1378 hoc

343 1408 443 1450 loco
464 1408 650 1450 omnino
672 1422 763 1449 non
786 1407 834 1449 id
855 1407 1144 1456 contendere,
1168 1412 1220 1449 ut
1242 1408 1364 1462 ipsos
1385 1408 1605 1449 librorum
1626 1407 1786 1455 titulos
1815 1407 2046 1455 exhibeat,

342 1492 490 1534 neque
512 1479 706 1520 aliorum
726 1478 947 1520 librorum
966 1478 1129 1520 titulos
1148 1478 1212 1519 ibi
1233 1482 1444 1521 accurate
1463 1492 1569 1520 eum
1587 1478 1860 1528 exscribere;
1880 1477 2049 1520 idcirco

342 1563 431 1591 non
467 1549 666 1590 multum
697 1548 994 1590 tribuendum
1018 1549 1289 1607 essertitulo,
1315 1549 1393 1604 qui
1412 1549 1470 1591 sit
1496 1551 1592 1607 περὶ
1613 1552 1944 1608 παιδοτροφίας;
1969 1561 2049 1590 cur

343 1620 651 1675 Chrysippum
690 1619 745 1660 de
784 1619 1034 1662 infantium
1073 1624 1226 1661 aetate
1265 1619 1592 1662 tantummodo
1631 1623 1843 1661 acturum
1880 1618 2044 1660 fuisse?

346 1690 646 1744 „Angesichts
672 1690 752 1731 der
777 1690 1010 1731 formellen
1036 1690 1485 1744 Unzuverlassigkeit
1511 1690 1591 1731 der
1617 1688 1963 1732 Plutarchstelle
1987 1688 2046 1730 ist

341 1775 389 1803 es
404 1761 546 1802 daher
559 1760 773 1815 richtiger
787 1760 882 1802 sich
897 1773 956 1802 an
970 1760 1049 1802 des
1065 1761 1373 1816 Quintilianus
1392 1761 1468 1809 „in
1483 1760 1737 1816 praeceptis
1752 1760 1803 1802 de
1816 1759 2048 1802 liberorum

344 1831 597 1873 educatione
640 1831 937 1886 compositis”
977 1844 1033 1872 zu
1062 1831 1233 1880 halten,
1264 1832 1480 1873 wodurch
1508 1831 1579 1873 die
1610 1821 1926 1885 Ubersetzung
1950 1831 2046 1888 περὶ

339 1905 505 1948 παίδων
541 1905 721 1960 ἀγωγῆς
754 1901 982 1956 gefordert
1011 1902 1144 1951 wird;
1175 1902 1320 1944 dieser
1348 1902 1466 1943 Titel
1492 1902 1552 1943 ist
1579 1901 1698 1944 auch
1714 1901 1952 1955 allgemein
1968 1911 2047 1942 an-

344 1985 629 2027 genommen,
655 1972 751 2014 und
775 1972 893 2014 noch
917 1973 1132 2016 niemand
1155 1972 1309 2014 wurde
1334 1973 1478 2014 durch
1497 1972 1578 2014 das
1594 1970 1829 2014 stilistisch
1845 1974 2048 2013 notwen-

345 2043 447 2098 dige
482 2043 767 2098 „praeceptis
798 2043 1093 2098 compositis”
1126 2043 1394 2092 veranlasst,
1425 2047 1544 2084 etwa
1572 2056 1631 2084 an
1659 2042 1790 2083 einen
1818 2041 1936 2083 Titel
1964 2041 2046 2103 wie

343 2115 609 2159 παιδευτικοὶ
637 2116 762 2170 νόμοι
788 2127 843 2154 zu
868 2113 1132 2167 denken.’'⁴¹)

406 2184 506 2239 Qua
554 2197 660 2225 vero
690 2184 736 2225 in
769 2193 814 2225 re
846 2184 1193 2239 cum'Dyroffio
1225 2184 1370 2225 facere
1401 2197 1493 2225 non
1524 2196 1723 2238 possum.
1757 2182 1961 2224 Primum
1991 2181 2053 2237 de

348 2254 584 2296 Plutarchi
631 2254 730 2296 loco
778 2268 981 2309 agamus,
1015 2268 1151 2310 quem
1181 2254 1433 2296 exscribere
1462 2254 1574 2295 utile
1605 2253 1845 2307 videtum-²³)
1879 2255 2045 2306 ”Audi

393 2368 423 2404 1)
474 2367 640 2396 IOANNEs
657 2376 701 2396 AB
718 2368 855 2403 ARN1M,
867 2367 1064 2396 Stoicorum
1079 2371 1239 2397 veterum
1253 2368 1462 2403 fragmenta,
1475 2367 1610 2404 Lipsiae
1626 2365 1767 2402 MCMV,
1779 2366 1850 2402 1,in
1864 2365 2046 2403 Epimetro

343 2419 441 2457 quod
460 2420 669 2457 praefationi
689 2420 802 2457 operis
822 2419 958 2449 addidit
978 2420 1019 2449 de
1037 2415 1206 2450 librorum
1225 2420 1409 2457 Chrysippi
1427 2420 1541 2449 indice
1562 2419 1758 2455 Latiniano,
1778 2427 1811 2456 p.
1834 2415 1998 2448 XLVIII.

392 2474 423 2509 2)
472 2474 525 2502 De
546 2473 710 2510 scriptor.
733 2473 825 2503 Hist.
849 2474 934 2502 Phil.
956 2474 1004 2509 11,
1026 2475 1054 2503 8.
1075 2474 1118 2503 cf.
1139 2473 1321 2510 Wyttenb.
1342 2483 1372 2502 o.
1393 2474 1413 2502 l.
1432 2483 1466 2511 p.
1488 2474 1540 2502 66.

394 2526 423 2562 3)
474 2535 503 2554 o.
526 2527 546 2555 l.
570 2535 601 2562 p.
627 2526 761 2555 XCIX:
783 2526 879 2561 „The
900 2526 1087 2555 education
1109 2527 1144 2555 of
1165 2526 1319 2555 children
1340 2535 1410 2554 was
1430 2526 1631 2563 frequently
1650 2524 1752 2554 made
1773 2525 1832 2554 the
1851 2523 1990 2560 subject
2010 2525 2046 2554 of

347 2578 597 2614 monographic
614 2581 805 2607 treatment
822 2579 869 2615 by
885 2579 944 2608 the
961 2579 1129 2615 ancients,
1146 2587 1241 2608 more
1257 2579 1485 2615 particularly
1501 2579 1548 2615 by
1563 2578 1622 2607 the
1639 2577 1778 2606 Greeks.
1795 2577 1867 2606 The
1882 2577 2046 2615 originals

348 2631 437 2659 have
460 2631 729 2667 unfortunately
751 2632 837 2660 been
859 2632 1008 2668 entirely
1029 2632 1108 2667 lost,
1131 2641 1170 2660 or
1192 2631 1375 2668 preserved
1397 2632 1481 2666 only
1500 2631 1536 2658 in
1558 2638 1694 2666 meagre
1717 2629 1786 2658 and
1806 2630 2045 2666 insigniticant

348 2684 552 2719 fragments,
587 2684 650 2712 but
683 2692 809 2720 among
841 2684 938 2713 these
958 2684 1181 2721 Chrysippos'
1201 2679 1284 2727 περὶ
1307 2675 1451 2713 παίδων
1478 2678 1644 2724 ἀγωγῆς
1663 2691 1773 2712 seems
1793 2686 1830 2712 to
1850 2683 1939 2713 have
1957 2683 2044 2712 been

347 2736 408 2765 >the
427 2739 519 2765 most
539 2737 758 2773 extensively
779 2737 887 2765 used'’
909 2746 940 2774 q.
962 2746 988 2766 s.

477 2798 509 2818 ο.
531 2790 551 2818 l.
602 2812 606 2817 .
631 2798 646 2818 2
675 2799 704 2818 ο.

395 2789 426 2878 ἓξ
474 2843 527 2871 De
548 2798 818 2878 Sibicftrepugn.
842 2851 874 2879 p.
899 2842 1019 2879 1035b,
1039 2851 1085 2872 ΑΒ
1109 2842 1235 2871 ARMM
1256 2842 1304 2878 ΙΙ,
1325 2842 1426 2878 frgm.
1449 2850 1500 2878 30.
