<?xml version="1.0" encoding="UTF-8"?>
<!DOCTYPE html PUBLIC "-//W3C//DTD XHTML 1.0 Transitional//EN"
    "http://www.w3.org/TR/xhtml1/DTD/xhtml1-transitional.dtd">
<html xmlns="http://www.w3.org/1999/xhtml" xml:lang="en" lang="en">
 <head>
  <title>
</title>
<meta http-equiv="Content-Type" content="text/html;charset=utf-8" />
  <meta name='ocr-system' content='tesseract 3.04.00' />
  <meta name='ocr-capabilities' content='ocr_page ocr_carea ocr_par ocr_line ocrx_word'/>
</head>
<body>
  <div class='ocr_page' id='page_1' title='image "./deplutarchiquife00sizouoft_0057.png"; bbox 0 0 2228 3366; ppageno 0'>
   <div class='ocr_carea' id='block_1_1' title="bbox 0 0 353 130">
    <p class='ocr_par' dir='ltr' id='par_1_1' title="bbox 0 0 353 130">
     <span class='ocr_line' id='line_1_1' title="bbox 0 0 353 130; baseline 0 3236"><span class='ocrx_word' id='word_1_1' title='bbox 0 0 353 130; x_wconf 95' lang='lat' dir='ltr'> </span> 
     </span>
    </p>
   </div>
   <div class='ocr_carea' id='block_1_2' title="bbox 944 204 1001 250">
    <p class='ocr_par' dir='ltr' id='par_1_2' title="bbox 944 204 1001 250">
     <span class='ocr_line' id='line_1_2' title="bbox 944 204 1001 250; baseline -0.018 0"><span class='ocrx_word' id='word_1_2' title='bbox 944 204 1001 250; x_wconf 89' lang='lat'>45</span> 
     </span>
    </p>
   </div>
   <div class='ocr_carea' id='block_1_3' title="bbox 121 323 1850 1026">
    <p class='ocr_par' dir='ltr' id='par_1_3' title="bbox 121 323 1850 1026">
     <span class='ocr_line' id='line_1_3' title="bbox 123 323 1847 384; baseline -0.004 -12"><span class='ocrx_word' id='word_1_3' title='bbox 123 326 368 384; x_wconf 75' lang='lat' dir='ltr'>Chrysippi</span> <span class='ocrx_word' id='word_1_4' title='bbox 403 325 573 376; x_wconf 91' lang='lat' dir='ltr'>libello,</span> <span class='ocrx_word' id='word_1_5' title='bbox 611 339 667 370; x_wconf 89' lang='lat' dir='ltr'>ea</span> <span class='ocrx_word' id='word_1_6' title='bbox 702 339 749 368; x_wconf 87' lang='lat' dir='ltr'>re</span> <span class='ocrx_word' id='word_1_7' title='bbox 786 329 983 382; x_wconf 86' lang='lat' dir='ltr'>apparet</span> <span class='ocrx_word' id='word_1_8' title='bbox 1020 325 1144 380; x_wconf 84' lang='lat' dir='ltr'>hunc</span> <span class='ocrx_word' id='word_1_9' title='bbox 1178 323 1387 367; x_wconf 90' lang='lat' dir='ltr'>libellum</span> <span class='ocrx_word' id='word_1_10' title='bbox 1424 323 1481 366; x_wconf 90' lang='lat' dir='ltr'>de</span> <span class='ocrx_word' id='word_1_11' title='bbox 1521 324 1671 380; x_wconf 86' lang='lat' dir='ltr'>pn&#39;ma</span> <span class='ocrx_word' id='word_1_12' title='bbox 1706 323 1847 366; x_wconf 91' lang='lat' dir='ltr'>modo</span> 
     </span>
     <span class='ocr_line' id='line_1_4' title="bbox 123 395 1848 456; baseline -0.003 -14"><span class='ocrx_word' id='word_1_13' title='bbox 123 398 323 456; x_wconf 87' lang='lat' dir='ltr'>pueritia</span> <span class='ocrx_word' id='word_1_14' title='bbox 354 398 514 454; x_wconf 85' lang='lat' dir='ltr'>egisse.</span> <span class='ocrx_word' id='word_1_15' title='bbox 551 397 674 440; x_wconf 90' lang='lat' dir='ltr'>Nam</span> <span class='ocrx_word' id='word_1_16' title='bbox 708 396 834 453; x_wconf 87' lang='lat' dir='ltr'>apud</span> <span class='ocrx_word' id='word_1_17' title='bbox 869 397 1085 439; x_wconf 86' lang='lat' dir='ltr'>Tacitum</span> <span class='ocrx_word' id='word_1_18' title='bbox 1118 396 1302 445; x_wconf 88' lang='lat' dir='ltr'>nullum</span> <span class='ocrx_word' id='word_1_19' title='bbox 1333 395 1460 438; x_wconf 88' lang='lat' dir='ltr'>aliud</span> <span class='ocrx_word' id='word_1_20' title='bbox 1495 395 1744 451; x_wconf 87' lang='lat' dir='ltr'>vestigium</span> <span class='ocrx_word' id='word_1_21' title='bbox 1778 395 1848 437; x_wconf 92' lang='lat' dir='ltr'>in-</span> 
     </span>
     <span class='ocr_line' id='line_1_5' title="bbox 124 467 1847 525; baseline -0.003 -12"><span class='ocrx_word' id='word_1_22' title='bbox 124 469 311 516; x_wconf 87' lang='lat' dir='ltr'>venitur</span> <span class='ocrx_word' id='word_1_23' title='bbox 343 469 483 512; x_wconf 84' lang='lat' dir='ltr'>libelli</span> <span class='ocrx_word' id='word_1_24' title='bbox 522 469 810 525; x_wconf 89' lang='lat' dir='ltr'>Chrysippei,</span> <span class='ocrx_word' id='word_1_25' title='bbox 848 468 936 510; x_wconf 90' lang='lat' dir='ltr'>nisi</span> <span class='ocrx_word' id='word_1_26' title='bbox 972 468 1053 510; x_wconf 91' lang='lat' dir='ltr'>ubi</span> <span class='ocrx_word' id='word_1_27' title='bbox 1089 481 1239 510; x_wconf 91' lang='lat' dir='ltr'>sermo</span> <span class='ocrx_word' id='word_1_28' title='bbox 1274 471 1344 509; x_wconf 87' lang='lat' dir='ltr'>est</span> <span class='ocrx_word' id='word_1_29' title='bbox 1381 467 1438 509; x_wconf 92' lang='lat' dir='ltr'>de</span> <span class='ocrx_word' id='word_1_30' title='bbox 1475 467 1696 523; x_wconf 87' lang='lat' dir='ltr'>pueritia:</span> <span class='ocrx_word' id='word_1_31' title='bbox 1736 479 1847 509; x_wconf 89' lang='lat' dir='ltr'>sane</span> 
     </span>
     <span class='ocr_line' id='line_1_6' title="bbox 121 536 1849 598; baseline -0.003 -13"><span class='ocrx_word' id='word_1_32' title='bbox 121 541 286 585; x_wconf 91' lang='lat' dir='ltr'>eodem</span> <span class='ocrx_word' id='word_1_33' title='bbox 328 536 479 598; x_wconf 71' lang='lat' dir='ltr'>ca‘pite</span> <span class='ocrx_word' id='word_1_34' title='bbox 508 540 714 583; x_wconf 73' lang='lat' dir='ltr'>&#39;Tacitus</span> <span class='ocrx_word' id='word_1_35' title='bbox 756 540 965 596; x_wconf 90' lang='lat' dir='ltr'>loquitur</span> <span class='ocrx_word' id='word_1_36' title='bbox 1006 539 1063 582; x_wconf 89' lang='lat' dir='ltr'>de</span> <span class='ocrx_word' id='word_1_37' title='bbox 1106 538 1483 581; x_wconf 79' lang='lat' dir='ltr'>adulescentibus</span> <span class='ocrx_word' id='word_1_38' title='bbox 1526 552 1579 581; x_wconf 91' lang='lat' dir='ltr'>ac</span> <span class='ocrx_word' id='word_1_39' title='bbox 1630 551 1849 594; x_wconf 84' lang='lat' dir='ltr'>praecep-</span> 
     </span>
     <span class='ocr_line' id='line_1_7' title="bbox 123 609 1846 669; baseline -0.003 -13"><span class='ocrx_word' id='word_1_40' title='bbox 123 613 317 669; x_wconf 79' lang='lat' dir='ltr'><strong>toribus,</strong></span> <span class='ocrx_word' id='word_1_41' title='bbox 371 617 475 655; x_wconf 89' lang='lat' dir='ltr'>tum</span> <span class='ocrx_word' id='word_1_42' title='bbox 525 625 635 655; x_wconf 90' lang='lat' dir='ltr'>vero</span> <span class='ocrx_word' id='word_1_43' title='bbox 680 611 796 654; x_wconf 90' lang='lat' dir='ltr'>nihil</span> <span class='ocrx_word' id='word_1_44' title='bbox 829 611 1012 666; x_wconf 87' lang='lat' dir='ltr'>legitur,</span> <span class='ocrx_word' id='word_1_45' title='bbox 1052 610 1178 666; x_wconf 91' lang='lat' dir='ltr'>quod</span> <span class='ocrx_word' id='word_1_46' title='bbox 1215 609 1436 652; x_wconf 84' lang='lat' dir='ltr'>admonet</span> <span class='ocrx_word' id='word_1_47' title='bbox 1476 610 1532 652; x_wconf 93' lang='lat' dir='ltr'>de</span> <span class='ocrx_word' id='word_1_48' title='bbox 1573 609 1846 666; x_wconf 83' lang='lat' dir='ltr'>Chrysippo.</span> 
     </span>
     <span class='ocr_line' id='line_1_8' title="bbox 125 680 1849 739; baseline -0.003 -10"><span class='ocrx_word' id='word_1_49' title='bbox 125 683 457 729; x_wconf 87' lang='lat' dir='ltr'>Gudemannus</span> <span class='ocrx_word' id='word_1_50' title='bbox 483 688 640 728; x_wconf 89' lang='lat' dir='ltr'>ternos</span> <span class='ocrx_word' id='word_1_51' title='bbox 660 684 692 739; x_wconf 93' lang='lat'>1)</span> <span class='ocrx_word' id='word_1_52' title='bbox 722 682 910 739; x_wconf 92' lang='lat' dir='ltr'>quidem</span> <span class='ocrx_word' id='word_1_53' title='bbox 937 682 1050 724; x_wconf 88' lang='lat' dir='ltr'>alios</span> <span class='ocrx_word' id='word_1_54' title='bbox 1076 681 1200 724; x_wconf 90' lang='lat' dir='ltr'>locos</span> <span class='ocrx_word' id='word_1_55' title='bbox 1236 680 1414 731; x_wconf 88' lang='lat' dir='ltr'>laudat,</span> <span class='ocrx_word' id='word_1_56' title='bbox 1452 680 1534 723; x_wconf 89' lang='lat' dir='ltr'>sed</span> <span class='ocrx_word' id='word_1_57' title='bbox 1568 695 1662 724; x_wconf 93' lang='lat' dir='ltr'>non</span> <span class='ocrx_word' id='word_1_58' title='bbox 1699 681 1849 723; x_wconf 84' lang='lat' dir='ltr'>solum</span> 
     </span>
     <span class='ocr_line' id='line_1_9' title="bbox 126 752 1850 809; baseline -0.003 -10"><span class='ocrx_word' id='word_1_59' title='bbox 126 755 444 799; x_wconf 86' lang='lat' dir='ltr'>dubitandum</span> <span class='ocrx_word' id='word_1_60' title='bbox 473 759 544 798; x_wconf 86' lang='lat' dir='ltr'>est</span> <span class='ocrx_word' id='word_1_61' title='bbox 577 755 633 798; x_wconf 87' lang='lat' dir='ltr'>de</span> <span class='ocrx_word' id='word_1_62' title='bbox 664 767 825 798; x_wconf 89' lang='lat' dir='ltr'>eorum</span> <span class='ocrx_word' id='word_1_63' title='bbox 857 753 1148 809; x_wconf 84' lang='lat' dir='ltr'>affinitate‚2)</span> <span class='ocrx_word' id='word_1_64' title='bbox 1183 766 1346 795; x_wconf 87' lang='lat' dir='ltr'>verum</span> <span class='ocrx_word' id='word_1_65' title='bbox 1376 753 1520 795; x_wconf 88' lang='lat' dir='ltr'>etiam</span> <span class='ocrx_word' id='word_1_66' title='bbox 1551 753 1756 795; x_wconf 85' lang='lat' dir='ltr'>attinent</span> <span class='ocrx_word' id='word_1_67' title='bbox 1789 752 1850 795; x_wconf 91' lang='lat' dir='ltr'>ad</span> 
     </span>
     <span class='ocr_line' id='line_1_10' title="bbox 125 824 1850 884; baseline -0.003 -14"><span class='ocrx_word' id='word_1_68' title='bbox 125 827 281 884; x_wconf 89' lang='lat' dir='ltr'>ipsam</span> <span class='ocrx_word' id='word_1_69' title='bbox 312 826 612 876; x_wconf 87' lang='lat' dir='ltr'>rhetoricam;</span> <span class='ocrx_word' id='word_1_70' title='bbox 645 826 805 882; x_wconf 89' lang='lat' dir='ltr'>itaque</span> <span class='ocrx_word' id='word_1_71' title='bbox 838 825 874 867; x_wconf 94' lang='lat' dir='ltr'>si</span> <span class='ocrx_word' id='word_1_72' title='bbox 907 838 1069 867; x_wconf 87' lang='lat' dir='ltr'>revera</span> <span class='ocrx_word' id='word_1_73' title='bbox 1101 824 1430 880; x_wconf 90' lang='lat' dir='ltr'>quoquomodo</span> <span class='ocrx_word' id='word_1_74' title='bbox 1463 824 1710 867; x_wconf 89' lang='lat' dir='ltr'>cohaerent</span> <span class='ocrx_word' id='word_1_75' title='bbox 1744 837 1850 866; x_wconf 91' lang='lat' dir='ltr'>cum</span> 
     </span>
     <span class='ocr_line' id='line_1_11' title="bbox 127 895 1848 955; baseline -0.002 -14"><span class='ocrx_word' id='word_1_76' title='bbox 127 898 372 955; x_wconf 86' lang='lat' dir='ltr'>Chrysippi</span> <span class='ocrx_word' id='word_1_77' title='bbox 399 898 656 947; x_wconf 83' lang='lat' dir='ltr'>sententiis,</span> <span class='ocrx_word' id='word_1_78' title='bbox 687 910 848 939; x_wconf 87' lang='lat' dir='ltr'>eorum</span> <span class='ocrx_word' id='word_1_79' title='bbox 876 897 1003 952; x_wconf 88' lang='lat' dir='ltr'>origo</span> <span class='ocrx_word' id='word_1_80' title='bbox 1030 896 1295 952; x_wconf 87' lang='lat' dir='ltr'>quaerenda</span> <span class='ocrx_word' id='word_1_81' title='bbox 1322 910 1419 938; x_wconf 91' lang='lat' dir='ltr'>esse</span> <span class='ocrx_word' id='word_1_82' title='bbox 1447 895 1634 938; x_wconf 89' lang='lat' dir='ltr'>videtur</span> <span class='ocrx_word' id='word_1_83' title='bbox 1650 896 1699 938; x_wconf 90' lang='lat' dir='ltr'>in</span> <span class='ocrx_word' id='word_1_84' title='bbox 1715 895 1848 945; x_wconf 91' lang='lat' dir='ltr'>libro,</span> 
     </span>
     <span class='ocr_line' id='line_1_12' title="bbox 127 968 1647 1026; baseline -0.002 -13"><span class='ocrx_word' id='word_1_85' title='bbox 127 982 267 1026; x_wconf 91' lang='lat' dir='ltr'>quem</span> <span class='ocrx_word' id='word_1_86' title='bbox 291 969 621 1026; x_wconf 88' lang='lat' dir='ltr'>philosophum</span> <span class='ocrx_word' id='word_1_87' title='bbox 647 969 956 1024; x_wconf 82' lang='lat' dir='ltr'>composuisse</span> <span class='ocrx_word' id='word_1_88' title='bbox 984 968 1040 1010; x_wconf 92' lang='lat' dir='ltr'>de</span> <span class='ocrx_word' id='word_1_89' title='bbox 1066 968 1296 1011; x_wconf 86' lang='lat' dir='ltr'>rhetorica</span> <span class='ocrx_word' id='word_1_90' title='bbox 1321 972 1421 1010; x_wconf 90' lang='lat' dir='ltr'>arte</span> <span class='ocrx_word' id='word_1_91' title='bbox 1447 971 1647 1012; x_wconf 80' lang='lat' dir='ltr'>constat.</span> 
     </span>
    </p>
   </div>
   <div class='ocr_carea' id='block_1_4' title="bbox 127 2320 1854 2793">
    <p class='ocr_par' dir='ltr' id='par_1_4' title="bbox 127 2320 1853 2531">
     <span class='ocr_line' id='line_1_13' title="bbox 173 2320 1852 2366; baseline -0.001 -8"><span class='ocrx_word' id='word_1_92' title='bbox 173 2327 208 2365; x_wconf 90' lang='lat'>1)</span> <span class='ocrx_word' id='word_1_93' title='bbox 257 2327 383 2358; x_wconf 79' lang='grc' dir='ltr'><strong>ΤΛοιτ.</strong></span> <span class='ocrx_word' id='word_1_94' title='bbox 402 2336 478 2366; x_wconf 89' lang='lat' dir='ltr'>cap.</span> <span class='ocrx_word' id='word_1_95' title='bbox 498 2336 550 2364; x_wconf 87' lang='lat'>33:</span> <span class='ocrx_word' id='word_1_96' title='bbox 568 2336 683 2365; x_wconf 88' lang='lat' dir='ltr'>neque</span> <span class='ocrx_word' id='word_1_97' title='bbox 699 2327 793 2357; x_wconf 90' lang='lat' dir='ltr'>enim</span> <span class='ocrx_word' id='word_1_98' title='bbox 807 2343 852 2348; x_wconf 89' lang='lat'>-—</span> <span class='ocrx_word' id='word_1_99' title='bbox 871 2327 1017 2357; x_wconf 87' lang='lat' dir='ltr'>accedat</span> <span class='ocrx_word' id='word_1_100' title='bbox 1038 2350 1044 2356; x_wconf 92' lang='lat'>.</span> <span class='ocrx_word' id='word_1_101' title='bbox 1063 2350 1068 2356; x_wconf 93' lang='lat'>.</span> <span class='ocrx_word' id='word_1_102' title='bbox 1087 2350 1093 2356; x_wconf 87' lang='lat'><strong><em>.</em></strong></span> <span class='ocrx_word' id='word_1_103' title='bbox 1111 2326 1198 2357; x_wconf 86' lang='lat' dir='ltr'>sicui</span> <span class='ocrx_word' id='word_1_104' title='bbox 1213 2343 1257 2347; x_wconf 92' lang='lat'><strong>—</strong></span> <span class='ocrx_word' id='word_1_105' title='bbox 1276 2328 1431 2364; x_wconf 87' lang='lat' dir='ltr'>separat.</span> <span class='ocrx_word' id='word_1_106' title='bbox 1452 2326 1579 2363; x_wconf 69' lang='grc' dir='ltr'>(Ριυτ.</span> <span class='ocrx_word' id='word_1_107' title='bbox 1598 2334 1675 2363; x_wconf 88' lang='lat' dir='ltr'>cap.</span> <span class='ocrx_word' id='word_1_108' title='bbox 1699 2335 1718 2362; x_wconf 87' lang='lat'>4</span> <span class='ocrx_word' id='word_1_109' title='bbox 1735 2320 1784 2360; x_wconf 83' lang='grc' dir='ltr'>ὡς</span> <span class='ocrx_word' id='word_1_110' title='bbox 1800 2320 1852 2361; x_wconf 76' lang='grc' dir='ltr'>εἰς</span> 
     </span>
     <span class='ocr_line' id='line_1_14' title="bbox 127 2372 1853 2425; baseline -0.002 -13"><span class='ocrx_word' id='word_1_111' title='bbox 127 2372 201 2423; x_wconf 68' lang='grc' dir='ltr'>Τὴν</span> <span class='ocrx_word' id='word_1_112' title='bbox 213 2378 437 2425; x_wconf 76' lang='grc' dir='ltr'>-μελετῆς</span> <span class='ocrx_word' id='word_1_113' title='bbox 453 2401 490 2414; x_wconf 84' lang='grc'>...</span> <span class='ocrx_word' id='word_1_114' title='bbox 511 2374 533 2420; x_wconf 78' lang='grc' dir='ltr'><strong><em>ἡ</em></strong></span> <span class='ocrx_word' id='word_1_115' title='bbox 551 2376 622 2425; x_wconf 71' lang='grc' dir='ltr'>μὲν</span> <span class='ocrx_word' id='word_1_116' title='bbox 639 2376 718 2425; x_wconf 66' lang='grc' dir='ltr'>γὰρ</span> <span class='ocrx_word' id='word_1_117' title='bbox 731 2395 785 2402; x_wconf 95' lang='grc'>--</span> <span class='ocrx_word' id='word_1_118' title='bbox 797 2373 1097 2421; x_wconf 69' lang='grc' dir='ltr'>ἄτελές).ΤΑοιΊ-.</span> <span class='ocrx_word' id='word_1_119' title='bbox 1117 2389 1193 2417; x_wconf 92' lang='lat' dir='ltr'>cap.</span> <span class='ocrx_word' id='word_1_120' title='bbox 1213 2389 1266 2416; x_wconf 87' lang='lat'>23:</span> <span class='ocrx_word' id='word_1_121' title='bbox 1285 2380 1372 2410; x_wconf 87' lang='lat' dir='ltr'>adeo</span> <span class='ocrx_word' id='word_1_122' title='bbox 1389 2380 1570 2409; x_wconf 89' lang='lat' dir='ltr'>maesti—</span> <span class='ocrx_word' id='word_1_123' title='bbox 1584 2382 1853 2417; x_wconf 89' lang='lat' dir='ltr'>consequuntur</span> 
     </span>
     <span class='ocr_line' id='line_1_15' title="bbox 179 2426 1850 2478; baseline -0.002 -13.087"><span class='ocrx_word' id='word_1_124' title='bbox 179 2443 307 2472; x_wconf 86' lang='lat' dir='ltr'>parum</span> <span class='ocrx_word' id='word_1_125' title='bbox 326 2438 380 2465; x_wconf 89' lang='lat' dir='ltr'>est</span> <span class='ocrx_word' id='word_1_126' title='bbox 399 2451 444 2456; x_wconf 90' lang='lat'>--</span> <span class='ocrx_word' id='word_1_127' title='bbox 464 2434 643 2465; x_wconf 85' lang='lat' dir='ltr'>laudatur.</span> <span class='ocrx_word' id='word_1_128' title='bbox 669 2435 794 2472; x_wconf 80' lang='lat' dir='ltr'>(PLUT.</span> <span class='ocrx_word' id='word_1_129' title='bbox 817 2443 894 2472; x_wconf 88' lang='lat' dir='ltr'>cap.</span> <span class='ocrx_word' id='word_1_130' title='bbox 918 2444 937 2472; x_wconf 85' lang='lat'>9</span> <span class='ocrx_word' id='word_1_131' title='bbox 954 2426 1026 2475; x_wconf 75' lang='grc' dir='ltr'>τὴν</span> <span class='ocrx_word' id='word_1_132' title='bbox 1038 2429 1321 2478; x_wconf 23' lang='grc' dir='ltr'>σμικρολογίηκν</span> <span class='ocrx_word' id='word_1_133' title='bbox 1333 2427 1482 2463; x_wconf 76' lang='grc' dir='ltr'><em>-εἷναι</em></span> <span class='ocrx_word' id='word_1_134' title='bbox 1498 2426 1586 2475; x_wconf 79' lang='grc' dir='ltr'>δεῖ).</span> <span class='ocrx_word' id='word_1_135' title='bbox 1618 2433 1743 2464; x_wconf 70' lang='grc' dir='ltr'>ΤΑοιτ.</span> <span class='ocrx_word' id='word_1_136' title='bbox 1774 2442 1850 2470; x_wconf 87' lang='lat' dir='ltr'>cap.</span> 
     </span>
     <span class='ocr_line' id='line_1_16' title="bbox 130 2477 1547 2531; baseline -0.002 -12"><span class='ocrx_word' id='word_1_137' title='bbox 130 2494 184 2525; x_wconf 86' lang='lat'>37:</span> <span class='ocrx_word' id='word_1_138' title='bbox 205 2490 246 2519; x_wconf 87' lang='lat' dir='ltr'>ut</span> <span class='ocrx_word' id='word_1_139' title='bbox 263 2497 387 2519; x_wconf 87' lang='lat' dir='ltr'>secura</span> <span class='ocrx_word' id='word_1_140' title='bbox 402 2505 446 2510; x_wconf 90' lang='lat'><strong>—</strong></span> <span class='ocrx_word' id='word_1_141' title='bbox 464 2489 640 2519; x_wconf 82' lang='lat' dir='ltr'>extollant</span> <span class='ocrx_word' id='word_1_142' title='bbox 661 2489 790 2526; x_wconf 76' lang='grc' dir='ltr'>(Ριυτ.</span> <span class='ocrx_word' id='word_1_143' title='bbox 810 2497 887 2526; x_wconf 87' lang='lat' dir='ltr'>cap.</span> <span class='ocrx_word' id='word_1_144' title='bbox 908 2497 926 2524; x_wconf 91' lang='lat'><strong>9</strong></span> <span class='ocrx_word' id='word_1_145' title='bbox 945 2482 986 2518; x_wconf 84' lang='grc' dir='ltr'>τὸ</span> <span class='ocrx_word' id='word_1_146' title='bbox 1015 2483 1087 2531; x_wconf 76' lang='grc' dir='ltr'>μὲν</span> <span class='ocrx_word' id='word_1_147' title='bbox 1105 2483 1184 2531; x_wconf 62' lang='grc' dir='ltr'>γὰρ</span> <span class='ocrx_word' id='word_1_148' title='bbox 1200 2501 1251 2506; x_wconf 92' lang='lat'><em>-</em></span> <span class='ocrx_word' id='word_1_149' title='bbox 1266 2477 1547 2530; x_wconf 59' lang='grc' dir='ltr'>θαυμάζεται).</span> 
     </span>
    </p>

    <p class='ocr_par' dir='ltr' id='par_1_5' title="bbox 128 2540 1854 2793">
     <span class='ocr_line' id='line_1_17' title="bbox 175 2540 1853 2580; baseline -0.002 -8"><span class='ocrx_word' id='word_1_150' title='bbox 175 2541 208 2580; x_wconf 82' lang='grc'>2)</span> <span class='ocrx_word' id='word_1_151' title='bbox 257 2542 538 2580; x_wconf 88' lang='lat' dir='ltr'>„Eloquentiam</span> <span class='ocrx_word' id='word_1_152' title='bbox 578 2550 650 2571; x_wconf 89' lang='lat' dir='ltr'>non</span> <span class='ocrx_word' id='word_1_153' title='bbox 675 2542 790 2571; x_wconf 86' lang='lat' dir='ltr'>solum</span> <span class='ocrx_word' id='word_1_154' title='bbox 817 2545 892 2571; x_wconf 88' lang='lat' dir='ltr'>arte</span> <span class='ocrx_word' id='word_1_155' title='bbox 918 2546 953 2571; x_wconf 85' lang='lat' dir='ltr'>et</span> <span class='ocrx_word' id='word_1_156' title='bbox 980 2542 1140 2577; x_wconf 87' lang='lat' dir='ltr'>scientia,</span> <span class='ocrx_word' id='word_1_157' title='bbox 1167 2541 1229 2571; x_wconf 86' lang='lat' dir='ltr'>sed</span> <span class='ocrx_word' id='word_1_158' title='bbox 1255 2542 1358 2577; x_wconf 85' lang='lat' dir='ltr'>longe</span> <span class='ocrx_word' id='word_1_159' title='bbox 1385 2541 1496 2577; x_wconf 86' lang='lat' dir='ltr'>magis</span> <span class='ocrx_word' id='word_1_160' title='bbox 1522 2540 1698 2569; x_wconf 82' lang='lat' dir='ltr'>facultate</span> <span class='ocrx_word' id='word_1_161' title='bbox 1724 2542 1759 2569; x_wconf 91' lang='lat' dir='ltr'>et</span> <span class='ocrx_word' id='word_1_162' title='bbox 1787 2549 1853 2569; x_wconf 87' lang='lat' dir='ltr'>usu</span> 
     </span>
     <span class='ocr_line' id='line_1_18' title="bbox 129 2593 1854 2634; baseline -0.001 -10"><span class='ocrx_word' id='word_1_163' title='bbox 129 2594 326 2625; x_wconf 86' lang='lat' dir='ltr'>contineri”</span> <span class='ocrx_word' id='word_1_164' title='bbox 351 2596 524 2634; x_wconf 86' lang='lat' dir='ltr'>placitum</span> <span class='ocrx_word' id='word_1_165' title='bbox 548 2598 624 2625; x_wconf 84' lang='lat' dir='ltr'>erat</span> <span class='ocrx_word' id='word_1_166' title='bbox 648 2596 828 2631; x_wconf 88' lang='lat' dir='ltr'>usitatius,</span> <span class='ocrx_word' id='word_1_167' title='bbox 856 2595 1022 2632; x_wconf 89' lang='lat' dir='ltr'>quodque</span> <span class='ocrx_word' id='word_1_168' title='bbox 1047 2595 1143 2632; x_wconf 89' lang='lat' dir='ltr'>apud</span> <span class='ocrx_word' id='word_1_169' title='bbox 1167 2603 1289 2624; x_wconf 86' lang='lat' dir='ltr'>omnes</span> <span class='ocrx_word' id='word_1_170' title='bbox 1313 2595 1396 2630; x_wconf 82' lang='lat' dir='ltr'>fere,</span> <span class='ocrx_word' id='word_1_171' title='bbox 1424 2594 1483 2631; x_wconf 88' lang='lat' dir='ltr'>qui</span> <span class='ocrx_word' id='word_1_172' title='bbox 1508 2593 1550 2623; x_wconf 90' lang='lat' dir='ltr'>de</span> <span class='ocrx_word' id='word_1_173' title='bbox 1577 2596 1652 2623; x_wconf 87' lang='lat' dir='ltr'>arte</span> <span class='ocrx_word' id='word_1_174' title='bbox 1676 2594 1854 2622; x_wconf 89' lang='lat' dir='ltr'>rhetorica</span> 
     </span>
     <span class='ocr_line' id='line_1_19' title="bbox 128 2647 1850 2687; baseline -0.001 -9"><span class='ocrx_word' id='word_1_175' title='bbox 128 2648 356 2686; x_wconf 88' lang='lat' dir='ltr'>scripserunt,</span> <span class='ocrx_word' id='word_1_176' title='bbox 378 2649 517 2686; x_wconf 85' lang='lat' dir='ltr'>legitur.</span> <span class='ocrx_word' id='word_1_177' title='bbox 543 2649 599 2687; x_wconf 79' lang='lat' dir='ltr'>(cf.</span> <span class='ocrx_word' id='word_1_178' title='bbox 623 2658 651 2678; x_wconf 91' lang='lat' dir='ltr'>e.</span> <span class='ocrx_word' id='word_1_179' title='bbox 676 2658 706 2686; x_wconf 89' lang='lat' dir='ltr'>g.</span> <span class='ocrx_word' id='word_1_180' title='bbox 730 2649 803 2678; x_wconf 91' lang='lat' dir='ltr'>C1c.</span> <span class='ocrx_word' id='word_1_181' title='bbox 827 2648 870 2678; x_wconf 91' lang='lat' dir='ltr'>de</span> <span class='ocrx_word' id='word_1_182' title='bbox 893 2648 990 2679; x_wconf 87' lang='lat' dir='ltr'>Orat.</span> <span class='ocrx_word' id='word_1_183' title='bbox 1016 2648 1031 2678; x_wconf 96' lang='lat' dir='ltr'>I</span> <span class='ocrx_word' id='word_1_184' title='bbox 1054 2649 1211 2686; x_wconf 88' lang='lat' dir='ltr'>passim).</span> <span class='ocrx_word' id='word_1_185' title='bbox 1233 2649 1304 2679; x_wconf 91' lang='lat' dir='ltr'>Cur</span> <span class='ocrx_word' id='word_1_186' title='bbox 1336 2647 1497 2678; x_wconf 71' lang='lat' dir='ltr'>TAc1TUs</span> <span class='ocrx_word' id='word_1_187' title='bbox 1528 2647 1614 2676; x_wconf 91' lang='lat' dir='ltr'>haec</span> <span class='ocrx_word' id='word_1_188' title='bbox 1640 2647 1850 2678; x_wconf 69' lang='lat' dir='ltr'>mesxppo</span> 
     </span>
     <span class='ocr_line' id='line_1_20' title="bbox 129 2700 1852 2740; baseline -0.002 -8"><span class='ocrx_word' id='word_1_189' title='bbox 129 2700 280 2732; x_wconf 86' lang='lat' dir='ltr'>debeat?</span> <span class='ocrx_word' id='word_1_190' title='bbox 315 2702 442 2733; x_wconf 77' lang='grc' dir='ltr'><strong>ΤΑοιτι</strong></span> <span class='ocrx_word' id='word_1_191' title='bbox 479 2703 587 2739; x_wconf 91' lang='lat' dir='ltr'>locus,</span> <span class='ocrx_word' id='word_1_192' title='bbox 626 2710 731 2740; x_wconf 88' lang='lat' dir='ltr'>quem</span> <span class='ocrx_word' id='word_1_193' title='bbox 767 2705 986 2739; x_wconf 86' lang='lat' dir='ltr'>postremum</span> <span class='ocrx_word' id='word_1_194' title='bbox 1025 2702 1292 2733; x_wconf 73' lang='lat' dir='ltr'>GUDEMANNUS</span> <span class='ocrx_word' id='word_1_195' title='bbox 1314 2700 1450 2737; x_wconf 84' lang='lat' dir='ltr'>laudat,</span> <span class='ocrx_word' id='word_1_196' title='bbox 1466 2700 1570 2730; x_wconf 90' lang='lat' dir='ltr'>valde</span> <span class='ocrx_word' id='word_1_197' title='bbox 1585 2704 1774 2738; x_wconf 89' lang='lat' dir='ltr'>corruptus</span> <span class='ocrx_word' id='word_1_198' title='bbox 1787 2703 1852 2736; x_wconf 86' lang='lat' dir='ltr'>est,</span> 
     </span>
     <span class='ocr_line' id='line_1_21' title="bbox 128 2753 1852 2793; baseline -0.002 -8"><span class='ocrx_word' id='word_1_199' title='bbox 128 2762 244 2793; x_wconf 89' lang='lat' dir='ltr'>neque</span> <span class='ocrx_word' id='word_1_200' title='bbox 279 2755 389 2792; x_wconf 87' lang='lat' dir='ltr'>igitur</span> <span class='ocrx_word' id='word_1_201' title='bbox 424 2755 573 2786; x_wconf 86' lang='lat' dir='ltr'>idoneus</span> <span class='ocrx_word' id='word_1_202' title='bbox 611 2755 656 2785; x_wconf 89' lang='lat' dir='ltr'>ad</span> <span class='ocrx_word' id='word_1_203' title='bbox 690 2755 972 2793; x_wconf 88' lang='lat' dir='ltr'>comparandum</span> <span class='ocrx_word' id='word_1_204' title='bbox 995 2764 1076 2784; x_wconf 89' lang='lat' dir='ltr'>cum</span> <span class='ocrx_word' id='word_1_205' title='bbox 1102 2756 1315 2786; x_wconf 74' lang='lat' dir='ltr'>PLUTARCHI</span> <span class='ocrx_word' id='word_1_206' title='bbox 1341 2755 1430 2791; x_wconf 86' lang='lat' dir='ltr'>loco,</span> <span class='ocrx_word' id='word_1_207' title='bbox 1455 2755 1586 2792; x_wconf 89' lang='lat' dir='ltr'>quippe</span> <span class='ocrx_word' id='word_1_208' title='bbox 1611 2763 1682 2784; x_wconf 90' lang='lat' dir='ltr'>una</span> <span class='ocrx_word' id='word_1_209' title='bbox 1706 2753 1812 2783; x_wconf 90' lang='lat' dir='ltr'>modo</span> <span class='ocrx_word' id='word_1_210' title='bbox 1835 2763 1852 2782; x_wconf 91' lang='lat' dir='ltr'>e</span> 
     </span>
    </p>
   </div>
   <div class='ocr_carea' id='block_1_5' title="bbox 127 2802 1849 2900">
    <p class='ocr_par' dir='ltr' id='par_1_6' title="bbox 127 2802 1849 2900">
     <span class='ocr_line' id='line_1_22' title="bbox 129 2802 1849 2845; baseline -0.001 -7"><span class='ocrx_word' id='word_1_211' title='bbox 129 2809 342 2839; x_wconf 86' lang='lat' dir='ltr'>coniecturis</span> <span class='ocrx_word' id='word_1_212' title='bbox 370 2802 558 2839; x_wconf 78' lang='lat' dir='ltr'>doctorum</span> <span class='ocrx_word' id='word_1_213' title='bbox 587 2809 745 2839; x_wconf 89' lang='lat' dir='ltr'>virorum</span> <span class='ocrx_word' id='word_1_214' title='bbox 775 2817 856 2839; x_wconf 89' lang='lat' dir='ltr'>cum</span> <span class='ocrx_word' id='word_1_215' title='bbox 888 2809 1101 2840; x_wconf 57' lang='lat' dir='ltr'>Pnunncm</span> <span class='ocrx_word' id='word_1_216' title='bbox 1134 2809 1251 2839; x_wconf 88' lang='lat' dir='ltr'>verbis</span> <span class='ocrx_word' id='word_1_217' title='bbox 1282 2809 1601 2845; x_wconf 83' lang='lat' dir='ltr'>compararelicet;</span> <span class='ocrx_word' id='word_1_218' title='bbox 1622 2808 1710 2837; x_wconf 88' lang='lat' dir='ltr'>aliae</span> <span class='ocrx_word' id='word_1_219' title='bbox 1726 2815 1849 2837; x_wconf 90' lang='lat' dir='ltr'>omnes</span> 
     </span>
     <span class='ocr_line' id='line_1_23' title="bbox 127 2857 1120 2900; baseline 0.001 -9"><span class='ocrx_word' id='word_1_220' title='bbox 127 2862 345 2892; x_wconf 88' lang='lat' dir='ltr'>sententiam</span> <span class='ocrx_word' id='word_1_221' title='bbox 373 2871 516 2900; x_wconf 89' lang='lat' dir='ltr'>prorsus</span> <span class='ocrx_word' id='word_1_222' title='bbox 536 2863 687 2892; x_wconf 81' lang='lat' dir='ltr'>alienam</span> <span class='ocrx_word' id='word_1_223' title='bbox 708 2862 892 2900; x_wconf 90' lang='lat' dir='ltr'>praebent.</span> <span class='ocrx_word' id='word_1_224' title='bbox 1117 2857 1120 2861; x_wconf 67' lang='grc'>’</span> 
     </span>
    </p>
   </div>
  </div>
 </body>
</html>
