<?xml version="1.0" encoding="UTF-8"?>
<!DOCTYPE html PUBLIC "-//W3C//DTD XHTML 1.0 Transitional//EN"
    "http://www.w3.org/TR/xhtml1/DTD/xhtml1-transitional.dtd">
<html xmlns="http://www.w3.org/1999/xhtml" xml:lang="en" lang="en">
 <head>
  <title>
</title>
<meta http-equiv="Content-Type" content="text/html;charset=utf-8" />
  <meta name='ocr-system' content='tesseract 3.04.00' />
  <meta name='ocr-capabilities' content='ocr_page ocr_carea ocr_par ocr_line ocrx_word'/>
</head>
<body>
  <div class='ocr_page' id='page_1' title='image "./deplutarchiquife00sizouoft_0066.png"; bbox 0 0 2228 3366; ppageno 0'>
   <div class='ocr_carea' id='block_1_1' title="bbox 2030 0 2102 101">
    <p class='ocr_par' dir='ltr' id='par_1_1' title="bbox 2030 0 2102 101">
     <span class='ocr_line' id='line_1_1' title="bbox 2030 0 2102 101; textangle 90"><span class='ocrx_word' id='word_1_1' title='bbox 2074 100 2077 101; x_wconf 18' lang='grc' dir='ltr'><strong><em>κ</em></strong></span> <span class='ocrx_word' id='word_1_2' title='bbox 2030 0 2102 47; x_wconf 63' lang='lat'>{³⁴3</span> 
     </span>
    </p>
   </div>
   <div class='ocr_carea' id='block_1_2' title="bbox 1185 190 1244 234">
    <p class='ocr_par' dir='ltr' id='par_1_2' title="bbox 1185 190 1244 234">
     <span class='ocr_line' id='line_1_2' title="bbox 1185 190 1244 234; baseline 0.017 -1"><span class='ocrx_word' id='word_1_3' title='bbox 1185 190 1244 234; x_wconf 87' lang='lat'>54</span> 
     </span>
    </p>
   </div>
   <div class='ocr_carea' id='block_1_3' title="bbox 364 307 2114 1140">
    <p class='ocr_par' dir='ltr' id='par_1_3' title="bbox 412 307 2112 853">
     <span class='ocr_line' id='line_1_3' title="bbox 471 307 2111 366; baseline 0.002 -16"><span class='ocrx_word' id='word_1_4' title='bbox 471 309 680 351; x_wconf 85' lang='lat' dir='ltr'>Forsitan</span> <span class='ocrx_word' id='word_1_5' title='bbox 701 308 824 351; x_wconf 87' lang='lat' dir='ltr'>dicat</span> <span class='ocrx_word' id='word_1_6' title='bbox 846 307 962 364; x_wconf 90' lang='lat' dir='ltr'>quis,</span> <span class='ocrx_word' id='word_1_7' title='bbox 987 307 1171 350; x_wconf 85' lang='lat' dir='ltr'>omnino</span> <span class='ocrx_word' id='word_1_8' title='bbox 1191 321 1283 350; x_wconf 91' lang='lat' dir='ltr'>non</span> <span class='ocrx_word' id='word_1_9' title='bbox 1302 320 1397 350; x_wconf 91' lang='lat' dir='ltr'>esse</span> <span class='ocrx_word' id='word_1_10' title='bbox 1417 308 1634 351; x_wconf 89' lang='lat' dir='ltr'>memoria</span> <span class='ocrx_word' id='word_1_11' title='bbox 1654 307 1843 363; x_wconf 89' lang='lat' dir='ltr'>dignum</span> <span class='ocrx_word' id='word_1_12' title='bbox 1862 311 2111 366; x_wconf 73' lang='lat' dir='ltr'>utrumque</span> 
     </span>
     <span class='ocr_line' id='line_1_4' title="bbox 413 377 2112 435; baseline 0.001 -13"><span class='ocrx_word' id='word_1_13' title='bbox 413 383 646 422; x_wconf 81' lang='lat' dir='ltr'>auctorem</span> <span class='ocrx_word' id='word_1_14' title='bbox 672 378 871 421; x_wconf 88' lang='lat' dir='ltr'>multum</span> <span class='ocrx_word' id='word_1_15' title='bbox 896 378 1096 420; x_wconf 85' lang='lat' dir='ltr'>tribuere</span> <span class='ocrx_word' id='word_1_16' title='bbox 1122 378 1323 433; x_wconf 82' lang='lat' dir='ltr'><strong>antiquis</strong></span> <span class='ocrx_word' id='word_1_17' title='bbox 1348 378 1643 433; x_wconf 81' lang='lat' dir='ltr'>scriptoribus</span> <span class='ocrx_word' id='word_1_18' title='bbox 1668 391 1814 434; x_wconf 91' lang='lat' dir='ltr'>neque</span> <span class='ocrx_word' id='word_1_19' title='bbox 1839 377 1958 429; x_wconf 88' lang='lat' dir='ltr'>inde,</span> <span class='ocrx_word' id='word_1_20' title='bbox 1987 377 2112 435; x_wconf 91' lang='lat' dir='ltr'>quod</span> 
     </span>
     <span class='ocr_line' id='line_1_5' title="bbox 412 447 2110 503; baseline 0 -12"><span class='ocrx_word' id='word_1_21' title='bbox 412 450 529 492; x_wconf 77' lang='lat' dir='ltr'>forte</span> <span class='ocrx_word' id='word_1_22' title='bbox 560 449 681 491; x_wconf 90' lang='lat' dir='ltr'>idem</span> <span class='ocrx_word' id='word_1_23' title='bbox 710 449 804 492; x_wconf 75' lang='lat' dir='ltr'>fere</span> <span class='ocrx_word' id='word_1_24' title='bbox 817 447 988 498; x_wconf 89' lang='lat' dir='ltr'>dicant,</span> <span class='ocrx_word' id='word_1_25' title='bbox 1008 448 1212 503; x_wconf 84' lang='lat' dir='ltr'>colligere</span> <span class='ocrx_word' id='word_1_26' title='bbox 1228 448 1359 491; x_wconf 91' lang='lat' dir='ltr'>licere</span> <span class='ocrx_word' id='word_1_27' title='bbox 1370 448 1565 491; x_wconf 88' lang='lat' dir='ltr'>alterum</span> <span class='ocrx_word' id='word_1_28' title='bbox 1575 462 1679 491; x_wconf 91' lang='lat' dir='ltr'>cum</span> <span class='ocrx_word' id='word_1_29' title='bbox 1695 449 1839 492; x_wconf 88' lang='lat' dir='ltr'>altero</span> <span class='ocrx_word' id='word_1_30' title='bbox 1857 448 2110 500; x_wconf 85' lang='lat' dir='ltr'>cohaerere,</span> 
     </span>
     <span class='ocr_line' id='line_1_6' title="bbox 413 519 2109 575; baseline 0 -13"><span class='ocrx_word' id='word_1_31' title='bbox 413 534 516 562; x_wconf 89' lang='lat' dir='ltr'>cum</span> <span class='ocrx_word' id='word_1_32' title='bbox 550 520 816 575; x_wconf 90' lang='lat' dir='ltr'>praesertim</span> <span class='ocrx_word' id='word_1_33' title='bbox 849 519 912 560; x_wconf 93' lang='lat' dir='ltr'>eis</span> <span class='ocrx_word' id='word_1_34' title='bbox 947 519 1096 561; x_wconf 91' lang='lat' dir='ltr'>verbis</span> <span class='ocrx_word' id='word_1_35' title='bbox 1129 519 1241 560; x_wconf 83' lang='lat' dir='ltr'>nihil</span> <span class='ocrx_word' id='word_1_36' title='bbox 1274 519 1467 569; x_wconf 87' lang='lat' dir='ltr'>dicatur,</span> <span class='ocrx_word' id='word_1_37' title='bbox 1504 519 1626 575; x_wconf 91' lang='lat' dir='ltr'>quod</span> <span class='ocrx_word' id='word_1_38' title='bbox 1661 520 1894 575; x_wconf 88' lang='lat' dir='ltr'>proprium</span> <span class='ocrx_word' id='word_1_39' title='bbox 1929 519 2109 563; x_wconf 85' lang='lat' dir='ltr'>Stoicae</span> 
     </span>
     <span class='ocr_line' id='line_1_7' title="bbox 413 590 2112 646; baseline 0.001 -14"><span class='ocrx_word' id='word_1_40' title='bbox 413 590 645 638; x_wconf 87' lang='lat' dir='ltr'>doctrinae</span> <span class='ocrx_word' id='word_1_41' title='bbox 670 590 743 632; x_wconf 88' lang='lat' dir='ltr'>sit.</span> <span class='ocrx_word' id='word_1_42' title='bbox 772 590 885 633; x_wconf 87' lang='lat' dir='ltr'>Cum</span> <span class='ocrx_word' id='word_1_43' title='bbox 911 603 1018 632; x_wconf 89' lang='lat' dir='ltr'>vero</span> <span class='ocrx_word' id='word_1_44' title='bbox 1043 594 1195 632; x_wconf 89' lang='lat' dir='ltr'>totum</span> <span class='ocrx_word' id='word_1_45' title='bbox 1221 595 1359 646; x_wconf 87' lang='lat' dir='ltr'>eaput</span> <span class='ocrx_word' id='word_1_46' title='bbox 1386 590 1538 633; x_wconf 88' lang='lat' dir='ltr'>Stoica</span> <span class='ocrx_word' id='word_1_47' title='bbox 1564 590 1780 646; x_wconf 88' lang='lat' dir='ltr'>praebeat</span> <span class='ocrx_word' id='word_1_48' title='bbox 1806 595 1852 632; x_wconf 85' lang='lat' dir='ltr'>et</span> <span class='ocrx_word' id='word_1_49' title='bbox 1878 594 2112 646; x_wconf 88' lang='lat' dir='ltr'>postrema</span> 
     </span>
     <span class='ocr_line' id='line_1_8' title="bbox 412 660 2110 717; baseline 0.001 -14"><span class='ocrx_word' id='word_1_50' title='bbox 412 661 507 703; x_wconf 90' lang='lat' dir='ltr'>eius</span> <span class='ocrx_word' id='word_1_51' title='bbox 544 674 649 717; x_wconf 90' lang='lat' dir='ltr'>pars</span> <span class='ocrx_word' id='word_1_52' title='bbox 685 661 930 703; x_wconf 91' lang='lat' dir='ltr'>consimilis</span> <span class='ocrx_word' id='word_1_53' title='bbox 967 661 1057 702; x_wconf 82' lang='lat' dir='ltr'>fere</span> <span class='ocrx_word' id='word_1_54' title='bbox 1095 660 1153 702; x_wconf 88' lang='lat' dir='ltr'>sit</span> <span class='ocrx_word' id='word_1_55' title='bbox 1191 660 1340 702; x_wconf 89' lang='lat' dir='ltr'>verbis</span> <span class='ocrx_word' id='word_1_56' title='bbox 1378 660 1592 711; x_wconf 87' lang='lat' dir='ltr'>Philonis,</span> <span class='ocrx_word' id='word_1_57' title='bbox 1631 660 1756 716; x_wconf 90' lang='lat' dir='ltr'>apud</span> <span class='ocrx_word' id='word_1_58' title='bbox 1792 674 1929 717; x_wconf 89' lang='lat' dir='ltr'>quem</span> <span class='ocrx_word' id='word_1_59' title='bbox 1965 660 2110 716; x_wconf 89' lang='lat' dir='ltr'>philo-</span> 
     </span>
     <span class='ocr_line' id='line_1_9' title="bbox 412 731 2112 791; baseline 0 -17"><span class='ocrx_word' id='word_1_60' title='bbox 412 731 608 787; x_wconf 90' lang='lat' dir='ltr'>sophum</span> <span class='ocrx_word' id='word_1_61' title='bbox 629 731 767 774; x_wconf 85' lang='lat' dir='ltr'>Stoici</span> <span class='ocrx_word' id='word_1_62' title='bbox 789 731 1035 787; x_wconf 91' lang='lat' dir='ltr'>plurimum</span> <span class='ocrx_word' id='word_1_63' title='bbox 1055 731 1332 786; x_wconf 83' lang='lat' dir='ltr'>valuerint,1)</span> <span class='ocrx_word' id='word_1_64' title='bbox 1357 731 1548 774; x_wconf 82' lang='lat' dir='ltr'>fortasse</span> <span class='ocrx_word' id='word_1_65' title='bbox 1567 744 1659 774; x_wconf 91' lang='lat' dir='ltr'>non</span> <span class='ocrx_word' id='word_1_66' title='bbox 1680 744 1862 787; x_wconf 89' lang='lat' dir='ltr'>prorsus</span> <span class='ocrx_word' id='word_1_67' title='bbox 1880 731 2112 791; x_wconf 82' lang='lat' dir='ltr'>immerito</span> 
     </span>
     <span class='ocr_line' id='line_1_10' title="bbox 412 802 842 853; baseline -0.002 -9"><span class='ocrx_word' id='word_1_68' title='bbox 412 802 534 853; x_wconf 88' lang='lat' dir='ltr'>locos</span> <span class='ocrx_word' id='word_1_69' title='bbox 563 802 750 845; x_wconf 88' lang='lat' dir='ltr'>contuli.</span> <span class='ocrx_word' id='word_1_70' title='bbox 783 827 842 832; x_wconf 84' lang='lat'>-—</span> 
     </span>
    </p>

    <p class='ocr_par' dir='ltr' id='par_1_4' title="bbox 364 870 2114 1140">
     <span class='ocr_line' id='line_1_11' title="bbox 473 870 2112 928; baseline -0.001 -13"><span class='ocrx_word' id='word_1_71' title='bbox 473 874 762 915; x_wconf 84' lang='lat' dir='ltr'>Postremum</span> <span class='ocrx_word' id='word_1_72' title='bbox 789 872 974 928; x_wconf 87' lang='lat' dir='ltr'>expedit</span> <span class='ocrx_word' id='word_1_73' title='bbox 1002 886 1069 922; x_wconf 92' lang='lat' dir='ltr'>ea,</span> <span class='ocrx_word' id='word_1_74' title='bbox 1101 885 1216 928; x_wconf 92' lang='lat' dir='ltr'>quae</span> <span class='ocrx_word' id='word_1_75' title='bbox 1234 876 1394 915; x_wconf 87' lang='lat' dir='ltr'>auctor</span> <span class='ocrx_word' id='word_1_76' title='bbox 1410 886 1507 928; x_wconf 89' lang='lat' dir='ltr'>cap.</span> <span class='ocrx_word' id='word_1_77' title='bbox 1530 885 1596 928; x_wconf 90' lang='lat'>17,</span> <span class='ocrx_word' id='word_1_78' title='bbox 1617 887 1659 928; x_wconf 92' lang='lat' dir='ltr'>p.</span> <span class='ocrx_word' id='word_1_79' title='bbox 1684 885 1736 916; x_wconf 91' lang='lat'>12</span> <span class='ocrx_word' id='word_1_80' title='bbox 1756 873 1774 914; x_wconf 85' lang='lat' dir='ltr'>f</span> <span class='ocrx_word' id='word_1_81' title='bbox 1791 886 1890 928; x_wconf 84' lang='lat' dir='ltr'>sqq.</span> <span class='ocrx_word' id='word_1_82' title='bbox 1917 871 2028 916; x_wconf 89' lang='lat' dir='ltr'>dicit</span> <span class='ocrx_word' id='word_1_83' title='bbox 2054 870 2112 915; x_wconf 91' lang='lat' dir='ltr'>de</span> 
     </span>
     <span class='ocr_line' id='line_1_12' title="bbox 416 941 2114 999; baseline -0.001 -13"><span class='ocrx_word' id='word_1_84' title='bbox 416 943 747 993; x_wconf 81' lang='lat' dir='ltr'>adulatoribus,</span> <span class='ocrx_word' id='word_1_85' title='bbox 789 956 1052 998; x_wconf 84' lang='lat' dir='ltr'>comparare</span> <span class='ocrx_word' id='word_1_86' title='bbox 1092 957 1196 985; x_wconf 92' lang='lat' dir='ltr'>cum</span> <span class='ocrx_word' id='word_1_87' title='bbox 1237 943 1429 986; x_wconf 85' lang='lat' dir='ltr'>Senecae</span> <span class='ocrx_word' id='word_1_88' title='bbox 1469 943 1599 999; x_wconf 85' lang='lat' dir='ltr'>epist.</span> <span class='ocrx_word' id='word_1_89' title='bbox 1645 955 1740 997; x_wconf 86' lang='lat'>123.</span> <span class='ocrx_word' id='word_1_90' title='bbox 1783 943 1872 985; x_wconf 88' lang='lat' dir='ltr'>Hic</span> <span class='ocrx_word' id='word_1_91' title='bbox 1899 941 2114 987; x_wconf 89' lang='lat' dir='ltr'>disertius</span> 
     </span>
     <span class='ocr_line' id='line_1_13' title="bbox 364 1012 2114 1071; baseline 0.001 -16"><span class='ocrx_word' id='word_1_92' title='bbox 364 1043 366 1045; x_wconf 94' lang='lat'>-</span> <span class='ocrx_word' id='word_1_93' title='bbox 413 1013 616 1069; x_wconf 89' lang='lat' dir='ltr'>loquitur</span> <span class='ocrx_word' id='word_1_94' title='bbox 641 1013 697 1055; x_wconf 91' lang='lat' dir='ltr'>de</span> <span class='ocrx_word' id='word_1_95' title='bbox 721 1014 806 1056; x_wconf 89' lang='lat' dir='ltr'>hoc</span> <span class='ocrx_word' id='word_1_96' title='bbox 829 1014 942 1063; x_wconf 89' lang='lat' dir='ltr'>loco,</span> <span class='ocrx_word' id='word_1_97' title='bbox 966 1014 1040 1055; x_wconf 92' lang='lat' dir='ltr'>ille</span> <span class='ocrx_word' id='word_1_98' title='bbox 1064 1013 1314 1063; x_wconf 87' lang='lat' dir='ltr'>astrictius;</span> <span class='ocrx_word' id='word_1_99' title='bbox 1340 1014 1573 1056; x_wconf 87' lang='lat' dir='ltr'>vinculum</span> <span class='ocrx_word' id='word_1_100' title='bbox 1596 1026 1704 1056; x_wconf 91' lang='lat' dir='ltr'>vero</span> <span class='ocrx_word' id='word_1_101' title='bbox 1727 1013 1960 1071; x_wconf 87' lang='lat' dir='ltr'>quoddam</span> <span class='ocrx_word' id='word_1_102' title='bbox 1983 1012 2114 1056; x_wconf 87' lang='lat' dir='ltr'>alteri</span> 
     </span>
     <span class='ocr_line' id='line_1_14' title="bbox 414 1084 1507 1140; baseline 0.001 -14"><span class='ocrx_word' id='word_1_103' title='bbox 414 1085 558 1126; x_wconf 89' lang='lat' dir='ltr'>inesse</span> <span class='ocrx_word' id='word_1_104' title='bbox 585 1098 690 1127; x_wconf 90' lang='lat' dir='ltr'>cum</span> <span class='ocrx_word' id='word_1_105' title='bbox 717 1084 860 1127; x_wconf 91' lang='lat' dir='ltr'>altero</span> <span class='ocrx_word' id='word_1_106' title='bbox 887 1084 1012 1127; x_wconf 88' lang='lat' dir='ltr'>haud</span> <span class='ocrx_word' id='word_1_107' title='bbox 1037 1084 1227 1127; x_wconf 86' lang='lat' dir='ltr'>infitiari</span> <span class='ocrx_word' id='word_1_108' title='bbox 1254 1098 1507 1140; x_wconf 90' lang='lat' dir='ltr'>possumus.</span> 
     </span>
    </p>
   </div>
   <div class='ocr_carea' id='block_1_4' title="bbox 420 2778 557 2783">
    <p class='ocr_par' dir='ltr' id='par_1_5' title="bbox 420 2778 557 2783">
     <span class='ocr_line' id='line_1_15' title="bbox 420 2778 557 2783; baseline 0 0"><span class='ocrx_word' id='word_1_109' title='bbox 420 2778 557 2783; x_wconf 95' lang='lat' dir='ltr'> </span> 
     </span>
    </p>
   </div>
   <div class='ocr_carea' id='block_1_5' title="bbox 558 2778 702 2782">
    <p class='ocr_par' dir='ltr' id='par_1_6' title="bbox 558 2778 702 2782">
     <span class='ocr_line' id='line_1_16' title="bbox 558 2778 702 2782; baseline 0 0"><span class='ocrx_word' id='word_1_110' title='bbox 558 2778 702 2782; x_wconf 95' lang='lat' dir='ltr'> </span> 
     </span>
    </p>
   </div>
   <div class='ocr_carea' id='block_1_6' title="bbox 469 2803 1866 2851">
    <p class='ocr_par' dir='ltr' id='par_1_7' title="bbox 469 2803 1866 2851">
     <span class='ocr_line' id='line_1_17' title="bbox 469 2803 1866 2851; baseline -0.001 -9"><span class='ocrx_word' id='word_1_111' title='bbox 469 2814 498 2851; x_wconf 83' lang='lat'>1)</span> <span class='ocrx_word' id='word_1_112' title='bbox 548 2813 598 2844; x_wconf 68' lang='lat' dir='ltr'>(tf.</span> <span class='ocrx_word' id='word_1_113' title='bbox 623 2822 665 2842; x_wconf 62' lang='grc' dir='ltr'>,κε</span> <span class='ocrx_word' id='word_1_114' title='bbox 689 2816 813 2842; x_wconf 67' lang='lat' dir='ltr'>:mmm</span> <span class='ocrx_word' id='word_1_115' title='bbox 837 2813 862 2849; x_wconf 80' lang='lat'>1,</span> <span class='ocrx_word' id='word_1_116' title='bbox 884 2812 991 2850; x_wconf 80' lang='lat' dir='ltr'>praef.</span> <span class='ocrx_word' id='word_1_117' title='bbox 1014 2821 1046 2850; x_wconf 89' lang='lat' dir='ltr'>p.</span> <span class='ocrx_word' id='word_1_118' title='bbox 1071 2812 1176 2849; x_wconf 90' lang='grc' dir='ltr'>ΧΙΧ;</span> <span class='ocrx_word' id='word_1_119' title='bbox 1198 2812 1494 2842; x_wconf 75' lang='lat' dir='ltr'>Cnmsr-Scumn</span> <span class='ocrx_word' id='word_1_120' title='bbox 1513 2811 1561 2848; x_wconf 84' lang='grc' dir='ltr'>ΙΙ,</span> <span class='ocrx_word' id='word_1_121' title='bbox 1585 2803 1631 2848; x_wconf 81' lang='lat'>15,</span> <span class='ocrx_word' id='word_1_122' title='bbox 1653 2820 1685 2849; x_wconf 77' lang='lat' dir='ltr'>p.</span> <span class='ocrx_word' id='word_1_123' title='bbox 1709 2819 1771 2848; x_wconf 83' lang='lat'>503</span> <span class='ocrx_word' id='word_1_124' title='bbox 1792 2819 1866 2848; x_wconf 66' lang='lat' dir='ltr'>sqq.</span> 
     </span>
    </p>
   </div>
  </div>
 </body>
</html>
