2228 3366
966 240 1020 284 73

139 358 252 404 dicit
275 362 451 403 auctor.
485 360 607 402 Nam
628 363 749 401 recte
770 359 1026 414 Heusinger
1043 358 1103 401 ad
1121 358 1272 401 locum
1291 362 1508 401 annotat:
1531 358 1792 409 „Nimirum
1811 362 1854 414 ὅ,

88 468 91 470 .
124 444 182 478 Ξτι
207 431 411 488 positum
449 435 519 474 est
546 444 627 487 pro
650 433 703 476 δι’
730 434 770 486 ὅ,
789 450 847 487 τι,
871 444 963 486 qua
985 430 1319 485 significatione
1342 444 1431 472 non
1457 443 1560 472 raro
1582 429 1778 485 simplex
1799 431 1856 478 τί,

139 501 283 546 etiam
303 502 352 546 in
385 502 608 545 similibus
640 503 969 544 tractationem
997 501 1299 544 concludendi
1330 501 1551 551 formulis,
1573 501 1855 556 occurrit.”¹)

141 573 256 617 Cum
289 587 344 617 eo
367 574 511 630 igitur
534 574 809 616 vertendum
835 578 925 616 est:
956 574 1148 629 „Neque
1174 574 1267 615 iam
1304 577 1418 628 puto
1453 573 1658 628 pluribus
1697 573 1859 615 immo-

139 645 338 688 randum
372 645 677 702 disputationi
712 645 768 688 de
801 649 927 687 recta
959 644 1301 699 eruditione.''²)
1342 645 1499 687 Unum
1535 644 1665 687 addit
1699 649 1861 687 auctor

126 715 201 760 ‘ad
226 716 599 774 consequendam
631 716 937 759 eruditionem
974 716 1203 772 optimum
1238 715 1559 758 adiumentum
1592 729 1702 765 esse,
1738 730 1859 758 com-

140 801 302 845 parare
324 789 412 832 sibi
433 793 643 831 veterum
662 788 814 831 libros.
840 788 885 830 Si
913 788 1008 830 sine
1042 788 1110 830 ira
1142 791 1188 829 et
1219 787 1375 830 studio
1400 787 1552 830 locum
1578 787 1858 843 inspicimus,

139 874 233 904 non
259 865 344 911 est,
373 874 456 903 cur
480 860 868 916 reprehendamus
895 859 982 902 hoc
1009 859 1396 908 additamentum,
1425 859 1694 914 praesertim
1725 859 1759 901 si
1790 872 1856 908 ea,

124 944 259 989 'quae
275 932 571 982 antecedunt,
590 936 718 974 recte
739 932 1112 987 interpretantes,
1142 931 1364 973 vertimus
1392 930 1663 985 Heusingeri
1692 930 1857 972 verbis.

140 1003 382 1047 Praeterea
447 1003 668 1045 librorum
727 1002 1142 1058 comparandorum
1191 1002 1503 1045 hortationem
1551 1002 1705 1045 Stoico
1740 1002 1859 1044 fonti

139 1079 376 1118 auctorem
411 1074 575 1117 debere
610 1089 749 1131 supra
783 1074 1111 1117 demonstravi.

198 1147 326 1203 Quae
358 1151 616 1203 sequuntur
648 1144 740 1196 (τὸν
771 1150 858 1206 γὰρ
889 1171 949 1177 —-
980 1148 1279 1206 συμβέβηκεν)
1313 1145 1585 1187 difficillima
1602 1149 1710 1187 sunt
1727 1144 1860 1187 intel-

138 1217 287 1262 lectu.·
310 1218 398 1262 Sed
429 1223 612 1262 constat
643 1219 765 1261 inter
794 1231 964 1267 omnes,
986 1218 1107 1259 hunc
1138 1217 1290 1260 locum
1320 1216 1536 1259 mutilum
1567 1230 1677 1266 esse,
1711 1230 1859 1272 neque

139 1289 363 1340 Fabricio,
391 1303 476 1334 nec
503 1289 759 1347 Xylandro,
790 1289 1080 1338 Heumanno,
1112 1289 1408 1344 Heusingero,
1441 1288 1650 1337 Krebsio,
1677 1288 1861 1330 Schnei-

138 1360 262 1412 dero,
283 1375 432 1418 neque
452 1361 640 1404 demum
658 1362 746 1418 ipsi
767 1361 1127 1417 Wyttenbachio
1141 1361 1348 1416 contigit,
1368 1364 1421 1402 ut
1441 1373 1599 1402 veram
1616 1359 1860 1402 lectionem

139 1433 425 1489 praeberent.
474 1433 791 1477 Tentaverunt
839 1446 970 1475 suam
1018 1433 1211 1488 quisque
1258 1431 1577 1474 coniecturam
1623 1435 1670 1473 et
1716 1431 1856 1473 inter-

139 1505 449 1560 pretationem
459 1518 469 1555 ;
507 1518 644 1547 nemo
679 1503 1051 1546 emendationem
1087 1504 1200 1546 satis
1236 1503 1535 1545 manifestam
1571 1503 1619 1544 in
1656 1503 1860 1545 medium

138 1575 346 1632 protulit.
370 1576 508 1619 Nullo
526 1577 667 1632 igitur
685 1575 824 1619 modo
844 1575 1202 1631 Wyttenbachio
1222 1575 1328 1617 licet
1348 1575 1470 1616 hunc
1490 1574 1642 1616 locum
1659 1574 1857 1629 aggredi,

137 1660 222 1691 nec
246 1661 402 1691 meum
425 1661 522 1691 esse
547 1647 945 1704 putodefendere,
974 1660 1091 1703 quae
1116 1647 1184 1689 ita
1210 1660 1238 1689 a
1264 1646 1512 1688 Plutarcho
1537 1650 1662 1688 certo
1687 1646 1860 1701 scripta

137 1732 232 1763 non
257 1724 380 1770 sunt,
410 1720 642 1776 verbaque
670 1719 931 1762 Schneideri
958 1732 1061 1761 mea
1087 1718 1226 1761 facio:
1258 1717 1461 1773 „Cuique
1488 1717 1716 1767 hariolari,
1746 1717 1860 1759 mihi

138 1795 291 1834 tacere
323 1791 526 1834 licebit.''

57 1894 62 1901 -
110 1882 126 1900 a·
199 1861 334 1919 Quod
367 1862 641 1906 Plutarchus
674 1862 785 1904 dicit
818 1876 918 1918 cap.
955 1862 1070 1904 XIV
1102 1875 1145 1916 p.
1184 1861 1270 1910 10f,
1306 1860 1526 1916 mysteria
1559 1860 1621 1902 ab
1654 1860 1858 1916 antiquis

138 1933 226 1977 sibi
247 1933 393 1977 videri
414 1934 632 1978 instituta
653 1947 763 1984 esse,
789 1938 842 1976 ut
867 1933 1049 1976 tacendi
1081 1932 1353 1975 facultatem
1389 1932 1476 1974 hac
1529 1931 1859 1974 exercitatione

137 2005 378 2049 collectam
426 2005 486 2048 ad
561 2005 801 2049 hominum
873 2018 1040 2047 arcana
1109 1992 1473 2053 transferremus,
1544 2002 1713 2045 talsum
1759 2016 1855 2045 esse

137 2077 312 2121 iudicat
351 2077 666 2134 Wyttenbach
703 2081 750 2119 et
790 2091 817 2119 a
855 2077 918 2118 rei
957 2080 1126 2118 natura
1164 2080 1210 2117 et
1250 2075 1468 2117 historiae
1508 2074 1599 2116 fide
1640 2074 1855 2124 alienum,

139 2148 379 2194 ferendum
407 2149 600 2192 fortasse
629 2149 677 2191 in
705 2162 773 2198 eo,
806 2148 885 2204 qui
914 2161 1021 2190 cum
1051 2147 1201 2203 pueris
1231 2151 1353 2202 agat,
1385 2159 1477 2190 non
1506 2146 1554 2188 in
1584 2145 1858 2201 philosopho

138 2233 178 2263 e.
207 2234 251 2276 q.
279 2234 314 2263 S.
345 2219 434 2263 Sed
459 2220 508 2262 in
533 2220 913 2263 annotationibus
938 2220 1035 2275 ipse
1061 2219 1214 2261 locum
1242 2217 1477 2260 Plutarchi
1503 2217 1679 2266 laudat,
1713 2217 1793 2259 ubi
1819 2217 1859 2259 is

138 2291 262 2335 idem
295 2292 387 2335 fere
434 2291 561 2342 dicit,
598 2291 655 2334 de
683 2291 848 2347 garrul.
880 2305 924 2347 p.
962 2291 1088 2344 505f:
1124 2293 1284 2346 ‘'anv,
1319 2293 1461 2347 οἶμαι,
1494 2294 1571 2335 τοῦ
1606 2292 1682 2349 μὲν
1716 2291 1860 2348 λέγειν

138 2366 412 2424 ἀνθρώπους,
469 2368 549 2409 τοῦ
595 2366 642 2410 δὲ
677 2368 847 2409 σιωπᾶν
882 2366 1014 2416 θεοὺς
1045 2365 1341 2415 διὸαὸ-κάλους
1376 2364 1546 2420 ἔχομεν,
1581 2363 1623 2406 ἐν
1654 2366 1860 2414 τελεταῖς

137 2436 218 2482 καὶ
245 2437 496 2495 μυστηρίοις
528 2439 700 2494 σιωπὴν
731 2438 1162 2495 παραλαμβάνοντες.
1197 2434 1354 2476 Etiam
1387 2433 1694 2474 IAMBLICHUS
1710 2432 1741 2487 3)
1765 2432 1860 2487 opi-

138 2510 279 2550 natur
307 2507 505 2563 mystica
526 2520 668 2557 sacra,
698 2510 750 2548 ut
776 2506 956 2548 silentio
977 2506 1275 2548 assuefierent
1292 2504 1513 2559 homines,
1532 2504 1724 2546 inventa
1747 2517 1857 2546 esse.

140 2577 303 2620 Nonne
349 2577 455 2620 inde
496 2582 640 2634 patet,
685 2577 891 2633 pluribus
933 2577 1215 2633 philosophis
1254 2577 1322 2618 ita
1379 2588 1646 2631 persuasum
1704 2574 1856 2624 fuisse,

139 2662 424 2705 quamquam
451 2649 618 2710 'falsum
644 2654 777 2699 esset,
807 2662 890 2691 nec
918 2648 1179 2691 mirandum
1210 2661 1306 2689 esse
1339 2647 1480 2689 etiam
1516 2646 1602 2688 hoc
1637 2646 1737 2694 loco
1757 2659 1860 2688 eam

130 2813 134 2817 -
186 2794 218 2831 ι)
265 2794 317 2824 Cf.
344 2794 465 2824 Isocra.
493 2794 633 2832 Paneg,
659 2795 693 2832 pl
721 2803 795 2831 142;
823 2794 945 2830 PLUT„
971 2793 1013 2822 de
1038 2793 1119 2822 fort.
1150 2793 1248 2822 Rom.
1278 2801 1309 2829 p.
1338 2793 1402 2828 316
1426 2802 1454 2822 e.

185 2849 215 2886 2)
268 2848 486 2878 XYLAnm-:R
509 2849 634 2878 iisdem
661 2848 732 2878 fere
755 2849 871 2878 verbis
896 2848 1014 2878 vertit.
1150 2846 1152 2853 '

186 2902 218 2940 3)
267 2901 338 2931 Vit.
368 2901 472 2939 Pyth.
499 2901 522 2943 ξ
548 2901 601 2931 68.
