2228 3366
0 831 3 845 ⁴⁷
0 781 7 810 '²⁷
0 228 29 771 Wffi'⁸*a“**‘·v·zfmwaemfflw

952 201 1010 245 91

144 365 150 371 ,
186 319 279 371 „M.
324 319 393 363 61>
442 319 642 363 formam
677 323 877 375 διώξαιεν
913 320 1120 376 legimus,
1160 334 1278 376 quae
1315 335 1342 365 a
1379 321 1630 364 Plutarcho
1667 335 1851 377 prorsus

125 390 276 435 aliena
303 395 388 441 est,
421 404 527 434 cum
556 391 630 433 hic
659 391 704 433 in
738 392 878 435 tertia
908 405 1104 448 persona
1134 392 1322 448 pluralis
1352 392 1511 435 aoristi
1542 393 1677 448 primi
1708 393 1851 435 activi

125 475 306 523 semper
323 463 668 511 ,terminatione
693 463 879 506 Aeolica
916 483 1030 508 -ειαν
1054 464 1264 506 utatur.''
1294 464 1435 506 Recte
1460 464 1592 507 haec:
1619 464 1706 508 hoc
1744 478 1853 507 vero

125 533 226 578 loco
261 547 355 577 non
386 533 631 589 legendum
651 539 720 577 est
744 537 964 589 διώξαιεν,
987 535 1131 577 immo
1152 549 1258 577 cum
1280 535 1593 591 compluribus
1615 535 1852 579 codicibus

63 619 69 622 ”
124 606 409 661 &admovi-34¹)
482 605 617 662 Quod
702 606 999 662 participium
1082 611 1186 662 post
1257 607 1524 662 optativum
1596 610 1852 666 ποιήσαιντο

125 676 259 720 facile
305 691 333 720 a
376 676 562 720 librario
594 677 798 733 quodam
828 682 1067 720 mutatum
1099 691 1194 719 esse
1226 691 1358 733 posse
1388 678 1436 720 in
1467 681 1685 733 διώξαιεν,
1718 693 1854 722 nemo

124 747 328 804 negabit.
368 748 534 804 Itaque
569 762 750 792 necesse
786 763 878 791 non
915 753 984 791 est
1022 763 1127 791 cum
1165 749 1397 791 Herchero
1433 754 1614 792 mutare
1652 750 1850 792 formam

123 818 174 862 in
214 821 428 874 διώξειαν,
473 833 759 876 quamquam
802 821 914 863 haec
958 834 1141 876 quoque
1170 821 1372 863 mutatio
1399 820 1605 876 aliquam
1634 821 1848 876 probabiss

127 889 311 933 litatem
331 903 440 946 prae
461 903 508 932 se
528 890 632 933 fert.

148 973 150 975 ’
186 961 484 1012 „Sententiae
528 963 847 1006 enuntiativae
893 977 1051 1005 omnes
1098 963 1190 1005 fere
1219 977 1243 1004 e
1274 963 1502 1019 particula
1533 967 1600 1009 ὅτι
1630 964 1848 1019 pendent,

125 1031 260 1076 aliter
291 1036 435 1089 atque
468 1033 595 1088 apud
630 1034 944 1084 Plutarchum,
981 1035 1060 1090 qui
1095 1037 1154 1088 ὡς
1189 1035 1465 1090 particulam
1499 1035 1636 1090 paule-
1671 1035 1854 1091 saepius

126 1117 269 1160 quam
315 1107 383 1151 ὅτι
428 1105 671 1161 usurpat.'¹
720 1106 842 1148 Alibi
872 1106 969 1162 ipse
1002 1106 1195 1148 Heinius
1226 1106 1514 1149 demonstrat
1550 1104 1853 1149 Plutarchum

79 1220 85 1227 ,
126 1175 355 1231 particula
386 1178 446 1230 ὡς
478 1176 764 1232 frequentius
796 1177 880 1227 uti,
914 1182 967 1220 ut
999 1178 1180 1220 hiatum
1211 1178 1377 1220 evitet:
1414 1191 1611 1233 „neque
1625 1183 1694 1220 est
1728 1178 1855 1234 quod

125 1245 393 1300 miremur'’‚
420 1247 610 1304 inquit2)
644 1262 780 1300 „cum
799 1249 1026 1304 particula
1047 1252 1107 1302 ὡς
1133 1254 1180 1291 et
1202 1254 1310 1292 ante
1331 1249 1540 1292 vocalem
1558 1253 1604 1291 et
1623 1255 1733 1292 ante
1748 1264 1855 1292 con-

62 1318 64 1320 ’
125 1322 383 1369 sonantem,
405 1322 480 1368 ,ὄτι
496 1323 655 1362 autem
668 1320 793 1362 -iis
814 1320 924 1362 lccis
945 1320 1165 1376 exceptis,
1191 1321 1358 1376 quibus
1371 1321 1526 1363 hiatus
1542 1320 1769 1363 admissus
1785 1326 1854 1364 est

124 1394 307 1433 -ante
323 1395 656 1434 consonantem
677 1395 866 1434 tantum
901 1392 1213 1435 inveniatur.''
1236 1393 1456 1435 Memoria
1481 1397 1640 1435 autem
1662 1392 1855 1448 dignum

126 1465 212 1511 est,
248 1475 536 1518 quamquam
570 1463 618 1513 in
652 1463 806 1511 libello
841 1463 997 1506 hiatus
1032 1464 1229 1506 occurrit
1265 1463 1466 1520 quidem,
1504 1489 1563 1494 —-
1597 1465 1855 1509 sedetiam

127 1532 320 1583 vitatur,
340 1537 394 1576 ut
413 1537 575 1589 postea
593 1534 851 1586 ostendam,
869 1561 928 1565 —-
944 1535 1224 1591 ubicumque
1237 1535 1285 1577 in
1300 1535 1541 1577 sententiis
1553 1524 1857 1578 enuntiativis

127 1604 356 1660 particula
382 1607 443 1658 ὡς
473 1604 734 1655 adhibetur,
767 1606 973 1648 litteram
989 1606 1196 1648 vocalem
1211 1607 1353 1662 sequi,
1372 1611 1476 1662 post
1493 1607 1771 1662 particulam
1787 1610 1857 1653 ὅτι

127 1675 391 1732 saepissime
426 1681 759 1719 consonantem
793 1677 895 1732 legi.
934 1677 1107 1734 Quodsi
1142 1678 1206 1719 sic
1241 1691 1286 1720 se
1322 1678 1463 1720 habet
1499 1691 1569 1720 res
1603 1678 1651 1720 in
1685 1678 1854 1728 libello,

128 1747 209 1804 qui
225 1747 414 1790 omnino
430 1761 521 1790 non
541 1747 802 1791 destinatus
818 1754 932 1798 erat,
952 1754 1004 1791 ut
1022 1749 1193 1804 publici
1210 1750 1320 1791 iuris
1338 1749 1483 1799 fieret,
1502 1763 1654 1792 nonne
1666 1764 1858 1792 manum

127 1817 304 1866 indicat
343 1818 455 1869 eius,
501 1819 580 1875 qui
611 1819 793 1862 hiatum
818 1820 993 1863 evitare
1019 1820 1210 1863 soleret?
1241 1820 1374 1877 Quod
1399 1821 1460 1863 ad
1485 1821 1762 1876 particulam
1788 1824 1857 1867 ὅτι

129 1894 230 1934 tam
250 1903 387 1946 saepe
408 1890 648 1941 usitatam,
673 1905 730 1934 ne
753 1891 902 1947 fugiat
924 1906 1008 1934 nos
1031 1892 1180 1935 multa
1202 1892 1351 1936 aliena
1372 1892 1526 1935 libello
1548 1893 1708 1943 inesse,
1734 1907 1852 1949 quae

128 1961 327 2005 strictim
357 1962 497 2005 modo
526 1962 667 2019 idque
698 1964 960 2007 inconsulto
994 1964 1230 2007 Plutarchi
1263 1978 1405 2007 manu
1437 1969 1622 2007 mutata.
1656 1979 1709 2008 ac
1743 1965 1857 2008 ficta

127 2037 252 2077 sunt.

190 2105 277 2155 „In
325 2106 579 2149 enuntiatis
611 2106 829 2149 finalibus
862 2107 1133 2163 scriptorem
1168 2110 1239 2153 ἵνα
1272 2108 1499 2163 particula.
1531 2122 1625 2150 una
1658 2108 1752 2150 fere
1787 2109 1858 2150 uti

129 2175 355 2226 videmus,
389 2190 508 2233 quae
540 2178 666 2234 apud
700 2178 1001 2221 Plutarchum
1033 2179 1182 2222 multo
1215 2179 1361 2222 rarius
1394 2193 1536 2235 quam
1568 2182 1688 2232 ὅπως
1721 2184 1767 2222 et
1797 2183 1857 2234 ὡς

130 2246 344 2304 legitur.’'
370 2248 580 2292 Concedo
606 2250 787 2300 Heinio,
814 2250 907 2300 sed,
934 2252 1150 2294 ut.modo
1175 2251 1285 2301 dixi,
1312 2255 1458 2293 scatet
1483 2251 1664 2293 libellus
1681 2251 1855 2301 alienis,

130 2320 403 2376 praesertim
438 2321 616 2371 Stoicis,
652 2322 907 2372 sententiis,
944 2336 1027 2364 nec
1062 2323 1230 2365 nullius
1266 2323 1489 2365 momenti
1524 2336 1620 2364 esse
1656 2322 1856 2373 videtur,

132 2390 258 2447 quod
299 2404 338 2434 e.
369 2405 410 2447 g.
441 2392 567 2448 apud
596 2393 866 2449 Epictetum
896 2394 1124 2449 particula
1152 2409 1194 2450 q.
1227 2408 1265 2437 e.
1299 2397 1368 2439 ἵνα
1396 2394 1700 2437 usitatissima
1728 2395 1854 2450 est.³)

193 2462 434 2519 „Denique
455 2464 502 2506 in
526 2464 612 2507 hoc
634 2464 787 2507 libello
810 2465 1086 2521 particulam
1109 2466 1454 2508 consecutivam
1482 2469 1596 2511 ὥστε
1618 2479 1859 2522 nunquam

133 2545 241 2576 cum
261 2533 511 2586 infinitivo,
536 2535 617 2578 sed
639 2550 819 2592 semper
841 2550 948 2579 cum
970 2536 1225 2579 indicativo
1249 2537 1462 2592 coniungi
1487 2536 1859 2580 animadverten-

178 2642 211 2680 1)
259 2642 310 2672 Cf.
337 2643 552 2674 Gonnum)
579 2645 697 2681 Bmm,
724 2645 787 2674 Die
813 2645 1127 2675 handschriftliche
1153 2645 1354 2682 Grundlage
1379 2645 1440 2675 der
1462 2646 1511 2674 im
1537 2646 1671 2684 Corpus
1695 2646 1757 2677 der
1783 2647 1863 2676 Plu-

132 2695 355 2726 tarchischen
400 2697 547 2728 Moralia
579 2699 827 2728 iiberlieferten
862 2699 992 2729 Schrift
1025 2692 1109 2742 περὶ
1155 2691 1298 2728 παίδων
1347 2692 1527 2740 ἀγωγῆς,
1558 2693 1724 2737 Freissng,
1762 2709 1859 2738 1911,

133 2756 205 2787 p.p.
237 2751 291 2786 26,
326 2757 378 2785 77.

179 2802 212 2839 2)
262 2812 295 2840 p.
322 2804 374 2840 84.

179 2856 212 2894 3)
261 2856 313 2886 Cf.
337 2857 451 2894 Ham,
474 2866 507 2895 p.
533 2865 607 2894 107.
