2228 3366
1198 213 1257 258 34

381 336 492 392 quid
522 348 617 377 esse
649 345 796 388 neque
828 331 1070 374 convenire
1101 330 1276 374 liberali
1308 344 1463 387 puero.
1497 333 1565 374 De
1582 332 1894 387 argumentis,
1915 330 2084 388 quibus

380 408 506 451 nisus
545 410 738 459 uterque
780 403 1128 458 vapulationem
1169 402 1474 458 reprehendit,
1518 404 1686 460 Dyroff
1721 403 1836 454 „Die
1869 401 2084 446 Uberein-

380 475 662 530 stimmung''
701 474 853 529 inquit
875 474 905 528 1)
937 473 1030 523 „in
1055 473 1137 515 der
1162 473 1471 528 Motivierung
1494 474 1716 518 zwischen
1741 474 1963 516 Ps.-Plut.
1987 471 2086 517 und-

381 546 589 603 Quintil,
622 545 703 587 der
732 544 953 586 ebenfalls
985 543 1057 587 die
1091 544 1398 598 Prfigelstrafe
1429 544 1623 594 absetzt,
1651 545 1782 587 116556
1813 544 1911 587 sich
1939 542 2086 586 durch

380 616 704 671 unabhangige
756 615 1009 657 Rucksicht
1057 615 1214 657 beider
1261 615 1342 657 auf
1388 615 1460 657 die
1508 615 1823 670 Zeitrichtung
1861 614 2081 671 erklaren.

381 684 820 732 Wahrscheinlicher
840 687 899 728 ist
921 686 1099 741 jedoch‚
1122 686 1227 728 dass
1248 686 1320 728 die
1343 686 1512 728 Schrift
1533 685 1612 728 des
1633 686 1735 728 Chr.
1757 686 1920 728 beiden
1934 685 2086 742 §durch

380 759 478 801 eine
514 758 799 800 dazwischen
836 757 1041 811 liegende
1076 757 1324 799 humanere
1362 757 1672 812 Bearbeitung
1705 756 1910 799 bekannt
1943 755 2084 799 wal-3³

382 829 516 885 Quod
547 829 606 871 ad
639 828 938 882 Plutarchum
968 828 1073 870 huic
1105 828 1308 882 opinioni
1339 828 1575 870 assentior.
1609 827 1794 871 Minime
1824 839 1940 885 vero„
1962 825 2088 882 quod

382 900 442 942 ad
494 899 834 955 Quintilianum
873 911 979 939 cum
1018 898 1230 953 Dyroffio
1271 898 1418 940 facere
1458 911 1657 953 possum.
1700 898 1738 940 E
1777 897 1927 940 verbis
1966 910 2010 953 q.
2049 909 2085 939 s.

385 970 671 1031 „quamlibet
705 1004 712 1011 .
738 1004 744 1011 .
771 1004 777 1011 .
808 969 1090 1024 Chrysippus
1115 982 1208 1011 non
1233 969 1502 1024 improbet'(
1523 982 1740 1024 apparere
1768 973 1883 1024 puto
1909 967 2088 1023 Quinti-

381 1040 555 1083 lianum
582 1040 792 1081 universe
820 1039 1076 1094 Chrysippo
1103 1040 1335 1090 assentiri;
1363 1040 1418 1082 de
1445 1040 1744 1095 castigatione
1772 1053 1879 1081 vero
1905 1051 2089 1094 prorsus

382 1112 518 1154 aliam
550 1110 829 1152 sententiam
846 1110 987 1152 habet
1006 1114 1146 1165 atque
1163 1110 1251 1170 ille,
1270 1110 1462 1166 ideoque
1481 1111 1791 1166 compluribus
1808 1108 2089 1165 argumentis

382 1182 550 1230 allatis,
588 1181 888 1222 vehementer
920 1181 959 1221 ei
993 1185 1234 1236 repugnat,
1270 1181 1397 1236 quod
1430 1186 1549 1223 certe
1583 1194 1676 1224 non
1708 1181 1903 1230 fecisset,
1937 1180 1975 1223 si
2005 1193 2090 1222 sua

381 1253 605 1295 hausisset
623 1266 647 1293 e
664 1252 792 1304 libro,
814 1265 951 1306 quem
968 1252 1135 1307 Dyroff
1149 1252 1322 1295 indicat
1336 1252 1463 1301 „eine
1473 1253 1719 1295 humanere
1732 1250 2087 1306 Bearbeitung.’'

442 1324 502 1366 At
533 1328 770 1379 praeterea
799 1323 983 1365 aliunde
1012 1328 1204 1378 apparet
1234 1324 1569 1379 Quintilianum
1598 1320 1903 1379 Chrysippum
1928 1322 2090 1366 melius
2106 1320 2119 1328 ”
2191 1316 2210 1326 '

381 1395 661 1449 cognovisse.
715 1394 959 1449 Chrysippi
1009 1394 1214 1436 libellum
1265 1395 1402 1436 fuisse
1451 1396 1549 1453 περὶ
1579 1397 1884 1454 παιδοτροφίας
1921 1393 2089 1436 iterum

382 1479 711 1514 commemor0;
746 1479 883 1520 agens
913 1465 1054 1519 igitur
1083 1465 1138 1507 de
1169 1466 1485 1520 castigatione,
1518 1466 1573 1507 de
1604 1465 1900 1520 parvulorum
1929 1462 2090 1520 p'uero-

383 1550 485 1578 rum
507 1537 537 1591 2)
567 1536 870 1590 castigatione
896 1536 1003 1590 egit.
1033 1536 1343 1591 Quintilianus
1369 1550 1552 1591 quoque
1578 1536 1633 1579 de
1659 1536 1745 1580 1136
1770 1539 1923 1578 aetate
1949 1534 2090 1576 ‘verba

384 1608 494 1649 facit
513 1607 597 1649 hoc
615 1607 780 1662 capite,
800 1607 872 1648 cui
890 1607 1066 1654 titulus:
1091 1607 1223 1662 „Qua
1239 1608 1415 1649 ratione
1430 1607 1477 1648 in
1491 1607 1643 1663 parvis
1656 1604 1838 1661 ingenia
1851 1606 2090 1648 dinoscan-

385 1683 462 1720 tur
491 1682 537 1720 et
569 1691 687 1733 quae
719 1677 967 1720 tractanda
998 1678 1138 1727 sint‚”
1171 1692 1263 1733 quo
1295 1678 1447 1733 capite
1478 1682 1727 1733 praecepta
1756 1675 1977 1720 nonnulla
2005 1676 2088 1720 dat

384 1749 517 1790 utilia
545 1749 614 1798 iis,
644 1749 724 1803 qui
753 1748 1007 1803 fungantur
1033 1762 1219 1791 munere
1249 1748 1442 1792 docendi
1470 1762 1562 1791 non
1590 1748 1738 1790 solum
1757 1760 1920 1803 pueros
1935 1753 2088 1791 aetate

383 1819 547 1861 adulta
579 1819 659 1860 sed
690 1820 834 1861 etiam
870 1820 1100 1874 parvulos.
1136 1819 1302 1862 Videas
1334 1820 1456 1861 enim
1490 1820 1526 1868 I,
1561 1832 1601 1872 3,
1639 1829 1711 1872 15:
1742 1818 1967 1874 „denique
1984 1822 2117 1861 eum‘

384 1890 621 1945 parvulum
653 1889 919 1931 verberibus
951 1890 1176 1944 coegeris¹'
1211 1903 1249 1932 e.
1283 1904 1326 1945 q.
1360 1904 1394 1931 5.
1429 1890 1594 1945 Siquis
1611 1893 1815 1944 opponat
1834 1890 1920 1933 hac
1935 1893 2090 1932 aetate

385 1961 464 2001 vix
496 1960 585 2002 (1161
619 1973 750 2014 posse
783 1959 953 2002 discere
988 1973 1151 2015 pueros
1188 1961 1240 2015 (Ι,
1276 1973 1315 2013 3:
1339 1960 1498 2010 „caedi
1516 1974 1622 2002 vero
1641 1959 1875 2002 discentis’'
1897 1973 1936 2001 e.
1955 1972 1998 2015 q
2015 1960 2089 2014 s.),

387 2031 594 2073 conferat
618 2031 654 2079 I,
677 2043 719 2079 Ι,
745 2042 817 2085 17:
845 2030 1095 2080 „videntur
1113 2045 1206 2072 non
1225 2035 1324 2073 tam
1343 2031 1609 2073 discentibus
1627 2031 1674 2072 in
1693 2030 1778 2074 hac
1799 2034 1936 2086 parte*
1949 2030 2089 2085 quam

386 2101 658 2144 docentibus
702 2101 1003 2156 pepercisse‚'’
1047 2101 1127 2143 ubi
1168 2115 1315 2143 sermo
1356 2106 1425 2143 est
1468 2101 1522 2143 de
1566 2101 1730 2156 pueris,
1774 2101 1853 2156 qui
1892 2101 2088 2143 minores

387 2176 564 2227 septem
591 2172 723 2214 annis
749 2176 873 2222 sunt,
903 2173 1014 2227 quin
1040 2172 1182 2214 etiam
1207 2172 1294 2214 sub
1318 2172 1574 2214 nutricibus
1600 2171 1786 2226 degunt.
1816 2171 2088 2214 Plutarchus

387 2256 495 2284 vero
516 2247 569 2284 ut
592 2243 648 2285 de
670 2243 904 2292 memoria,
928 2243 995 2285 ita
1017 2243 1073 2285 de
1096 2243 1397 2298 castigatione
1421 2243 1515 2297 agit
1534 2243 1582 2284 in
1601 2256 1655 2285 ea
1673 2246 1802 2298 parte
1822 2241 1974 2293 libelli,
1996 2254 2089 2297 qua.

386 2313 442 2354 de
471 2313 621 2368 pueris
649 2313 898 2355 maioribus
926 2317 1041 2356 natu
1068 2313 1195 2356 dicit.
1288 2364 1294 2370 ⁴
2057 2367 2060 2371 .

446 2384 653 2438 Denique
679 2384 974 2426 ostendemus
999 2384 1159 2426 eodem
1184 2385 1322 2426 modo
1346 2398 1441 2426 rem
1465 2398 1511 2426 se
1536 2380 1702 2426 habere
1727 2382 1852 2439 quod
1875 2382 1935 2426 ad
1950 2382 2085 2432 locos,

387 2454 466 2496 ubi
498 2468 644 2496 sermo
675 2459 744 2497 est
776 2454 832 2496 de
863 2455 1018 2497 labore
1051 2469 1103 2497 ac
1133 2455 1395 2497 remissione
1428 2454 1720 2499 alternandis.

447 2525 622 2566 Eodem
653 2525 819 2580 capite,
852 2525 909 2567 de
940 2540 1031 2581 quo
1061 2525 1198 2568 modo
1230 2526 1371 2568 verba
1400 2526 1604 2575 fecimus,
1637 2524 1946 2581 Quintilianus
1975 2524 2087 2567 haec

388 2595 520 2637 dicit:
2029 2596 2045 2607 ’

436 2728 465 2763 x)
516 2736 546 2763 p.
571 2728 646 2763 289,
668 2736 699 2756 n.
724 2737 751 2763 3.

434 2781 465 2816 2)
518 2781 648 2809 Parvos
666 2789 791 2816 pueros
807 2781 877 2809 iam
897 2781 1080 2817 vapulasse
1098 2783 1244 2817 apparet
1262 2790 1279 2810 e
1298 2781 1403 2810 PLAT.
1425 2781 1563 2816 Protag.
1584 2788 1645 2816 325
1664 2789 1710 2817 c.;
1729 2781 1771 2809 cf.
1791 2780 2040 2809 GRASBERGER
2057 2778 2086 2815 Ι,
