2228 3366
1227 234 1284 290 76

398 362 649 405 bestiarum
688 362 925 406 convictus
965 362 1225 417 exemplum
1267 362 1538 405 Plutarchus
1580 364 1766 419 praebet
1820 365 1888 407 De
1928 364 2099 413 sollert.

400 434 538 476 anim.
570 448 613 488 p.
645 445 769 488 9740.

404 533 405 536 =
457 504 633 547 Eodem
649 504 799 557 capite
817 518 860 558 p.
880 516 932 556 3e
948 503 1156 558 legimus:
1180 507 1342 563 ὥσπερ
1378 524 1407 563 γ
1428 507 1484 563 ἀρ
1517 524 1543 550 τ
1561 508 1589 550 ἀ
1619 508 1742 564 μέλη
1775 526 1801 552 τ
1819 526 1841 552 ο
1859 512 1883 551 ὖ
1916 510 2102 568 σῶμα·
2152 507 2155 509 ’

396 595 500 628 τος
545 578 734 628 εὐθὺς
783 578 898 620 ἀπὸ
949 578 1258 633 γενέσεως
1303 579 1618 623 πλάττειν
1664 583 1749 623 τῶν
1780 581 1941 623 τέκνων
1967 580 2102 639 ἀναγ-

397 650 524 692 καῖόν
558 648 687 701 ἐστιν,
722 648 793 690 ἵνα
823 648 946 692 ταῦτ’
982 649 1100 704 ὀρθὰ
1133 649 1211 693 καὶ
1242 649 1447 705 ἀστραβῆ
1479 650 1654 706 φύηται,
1685 650 1759 694 τὸν
1791 651 1920 695 αὐτὸν
1942 651 2101 707 τρόπον

398 719 462 771 ἐξ
491 719 683 775 ἀρχῆς
713 721 784 763 τὰ
815 723 930 762 τῶν
953 720 1200 781 1τέκνων
1228 720 1351 775 ἤθη
1386 720 1724 776 ῥυθμίζειν
1759 721 2096 777 προσήκει.

399 788 690 843 Quamquam
726 801 863 842 supra
898 787 1076 841 ostendi
1112 787 1230 829 hanc
1265 788 1540 830 sententiam
1575 788 1660 830 hoc
1695 789 1795 831 loco
1831 789 2100 844 profluxisse

398 872 422 899 e
449 858 687 914 Chrysippi
713 858 841 907 libro,
869 862 1025 900 tamen
1051 858 1159 900 alibi
1187 858 1458 900 Plutarchus
1483 859 1643 901 eadem
1668 859 1724 901 de
1749 873 1796 901 re
1820 860 1912 914 egit
1937 859 2100 902 iisdem

398 929 489 971 fere
514 943 621 971 usus
646 929 809 970 verbis.
837 929 997 970 Libelli
1022 929 1146 970 verba
1170 929 1339 971 maiore
1364 943 1422 971 ex
1446 934 1575 984 parte
1600 930 1798 972 auctoris
1822 943 1930 980 esse,
1956 930 2099 974 etiam

398 1001 477 1042 ubi
513 1000 766 1043 sententiae
803 1013 826 1040 e
865 999 1120 1041 Stoicorum
1156 999 1280 1041 libris
1317 1004 1528 1058 sumptae
1564 1001 1669 1050 sint,
1709 1001 1875 1056 Dyroff
1910 1000 2096 1043 demon-

398 1071 615 1126 stravit.1)
656 1071 947 1125 Quamquam
980 1096 1039 1100 —-
1072 1071 1170 1112 fieri
1206 1075 1371 1125 potest,
1408 1075 1461 1112 ut
1496 1071 1637 1113 etiam
1671 1071 1770 1120 loci,
1808 1085 1921 1127 quos
1941 1070 2096 1117 lauda-

398 1146 528 1183 turus
564 1155 679 1193 sum,
707 1155 731 1182 e
768 1141 1024 1183 Stoicorum
1060 1141 1238 1196 scriptis
1276 1141 1454 1183 oriundi
1489 1141 1595 1183 sint.
1634 1141 1927 1184 Conferamus
1961 1142 2101 1197 igitur

401 1213 468 1254 De
513 1213 634 1254 virt·
658 1226 769 1254 mor.
813 1226 856 1267 p.
894 1212 1018 1267 439f:
1057 1216 1345 1271 λαμβάνοντες
1397 1215 1446 1258 ἐκ
1497 1213 1738 1272 γάλακτος,
1788 1216 1824 1258 ὥ
1843 1232 1870 1258 σ
1887 1231 1952 1260 πε
1969 1232 1991 1271 ρ
2042 1215 2102 1258 αἱ

391 1287 542 1330 ,τίτθ
565 1303 624 1328 αι
684 1289 825 1336 ταῖς
887 1302 993 1342 χερ
1016 1286 1074 1328 σὶ
1119 1286 1186 1328 τὸ
1233 1289 1409 1342 σῶμα
1457 1287 1866 1338 πλάττουσιν,
1900 1286 2102 1337 οὕτως

398 1358 458 1412 ῥυ
476 1360 508 1400 θ
527 1375 556 1413 μ
573 1356 585 1398 ί
606 1358 630 1407 ζ
647 1375 669 1400 ο
687 1374 711 1399 υ
730 1374 757 1399 σ
777 1373 790 1398 ι
819 1359 913 1406 τοῖς
944 1358 1091 1400 ἔθεσιν
1123 1356 1182 1406 εἰς
1214 1356 1329 1412 ἴχνος
1362 1371 1403 1400 τι
1432 1359 1604 1412 πρῶτον
1621 1356 1774 1412 ἀρετῆς
1790 1357 2097 1407 καθιστάντες.

397 1426 602 1467 Amator.
651 1439 694 1480 p.
743 1425 859 1480 757f.
914 1428 1078 1470 παίδων
1121 1427 1163 1470 ἐν
1216 1428 1326 1483 ὥρᾳ,
1358 1426 1436 1470 καὶ
1475 1429 1600 1471 ἄνθει
1632 1433 1706 1470 πλ
1726 1445 1753 1470 α
1771 1419 1840 1471 ττ
1858 1445 1881 1471 ο
1900 1427 2004 1483 μέν
2022 1444 2058 1470 ω
2076 1444 2100 1470 ν

396 1498 505 1542 καὶ
555 1497 1051 1554 ῥυθμιζομένων
1095 1516 1137 1541 κ.
1163 1516 1212 1540 τ.·
1233 1504 1273 1541 λ.
1306 1496 1397 1538 Vit.
1426 1496 1561 1537 Num.
1586 1509 1629 1550 p.
1654 1496 2121 1554 783περὶτίπρῶτον,

395 1571 447 1625 ἦν
486 1571 727 1613 σπουδάσαι
771 1570 797 1625 ἢ
845 1569 942 1625 περὶ
982 1569 1146 1612 παίδων
1195 1569 1432 1625 ἐκτροφὴν.
1453 1603 1462 1611 .
1482 1602 1491 1611 .
1515 1603 1523 1612 .
1577 1570 1697 1618 ὅπως
1715 1602 1724 1610 .
1743 1603 1753 1612 .
1775 1602 1785 1611 .
1806 1603 1816 1612 .
1862 1568 1923 1619 εἰς
1962 1568 2007 1612 ἕν
2057 1584 2098 1611 τι

398 1642 540 1684 κοινὸν
587 1641 742 1696 ἀρετῆς
795 1642 913 1696 ἴχνος
956 1640 1145 1690 εὐθὺς
1180 1640 1239 1690 ἐξ
1289 1640 1442 1695 ἀρχῆ
1463 1656 1483 1689 ς
1532 1640 1973 1694 πλαττόμενοι
2017 1638 2098 1684 καὶ

396 1712 650 1767 τυπούμενοι
680 1712 945 1768 συμβαίνοιεν
985 1711 1227 1766 ἀλλήλοις;

457 1780 564 1835 Cap.
604 1780 708 1829 VII,
748 1794 791 1835 p.
831 1780 891 1833 4d
928 1783 1087 1821 auctor
1123 1779 1234 1820 dicit
1272 1778 1450 1833 saepius
1487 1782 1639 1833 patres
1674 1777 1838 1820 liberos
1873 1777 2091 1821 mandare

398 1851 550 1906 pravis
594 1851 836 1905 magistris,
870 1850 1119 1892 amicorum
1164 1849 1370 1905 precibus
1414 1848 1712 1903 indulgentes.
1760 1848 1950 1892 Perinde
1990 1852 2097 1892 turn

397 1922 585 1970 faciunt,
620 1922 784 1976 inquit,
820 1924 965 1979 ὥσπερ
997 1924 1045 1966 ἂν
1072 1923 1113 1965 εἴ
1139 1939 1204 1972 τις
1232 1927 1294 1978 τῷ
1313 1924 1479 1977 σώματι
1500 1923 1675 1978 κάμνων
1691 1923 1763 1965 τὸν
1784 1922 1859 1964 σὺν
1883 1921 2096 1978 ἐπιστήμῃ

396 1995 615 2052 δυνηθέντ’
671 1995 719 2037 ἂν
768 1998 906 2037 σῶσαι
951 1995 1225 2049 παραλιπών,
1257 1994 1369 2049 φίλῳ
1401 1993 1675 2049 χαριζόμενος
1705 1993 1778 2035 τὸν
1812 1991 1866 2036 δι’
1901 1991 2122 2048 ἀπειρίαν.

399 2065 657 2109 ἀπολέσαντ’
712 2065 760 2108 ἂν
808 2065 935 2108 αὐτὸν
968 2065 1208 2119 προέλοιτο.
1245 2061 1373 2103 Idem
1403 2061 1591 2115 legimus
1624 2061 1691 2101 De
1723 2060 1872 2102 VitiOS.
1907 2059 2015 2115 pud.
2050 2074 2093 2115 p.

398 2144 532 2187 532a:
580 2136 654 2180 καὶ
704 2137 790 2192 γὰρ
845 2135 988 2191 ἰατρὸν
1039 2138 1264 2185 νοσοῦντες
1295 2135 1343 2177 οὐ
1384 2136 1717 2190 παρακαλοῦμεν
1763 2134 1836 2176 τὸν
1883 2134 2096 2189 ἔμπειρον,

402 2208 696 2264 αἰσχυνόμενοι
726 2208 799 2249 τὸν
830 2207 1000 2261 συνήθη
1037 2207 1114 2249 καὶ
1146 2204 1272 2248 παισὶ
1305 2205 1595 2255 διδασκάλους
1626 2203 1720 2248 ἀντὶ
1748 2207 1966 2260 χρηστῶν,
1995 2204 2097 2254 τοὺς

395 2279 755 2333 παρακαλοῦντας
787 2277 1041 2332 αἱρούμεθα.

445 2346 620 2388 Eodem
630 2346 781 2400 capite
795 2359 838 2400 p.
855 2355 911 2398 5a
924 2348 1250 2387 commemorat
1264 2348 1415 2398 patres
1430 2343 1706 2385 assuefacere
1722 2342 1905 2398 quidem
1917 2355 2092 2397 puerGS‚

398 2421 450 2459 ut
479 2417 602 2458 cibos
633 2416 795 2458 dextra
834 2429 975 2457 manu
1015 2415 1212 2470 capiant,
1254 2415 1574 2469 increpareque
1596 2414 1632 2455 si
1650 2413 1829 2455 laevam
1847 2412 2092 2467 porrigant,

398 2488 477 2529 sed
488 2487 660 2529 nullam
673 2500 828 2528 curam
847 2486 1075 2535 adhibere,
1096 2490 1149 2527 ut
1169 2485 1354 2526 dextros
1374 2484 1628 2539 probosque
1648 2496 1874 2525 sermones
1886 2482 2091 2527 audiant.

399 2558 550 2600 Simile
581 2557 691 2612 quid
719 2557 879 2599 eadem
907 2556 963 2598 de
993 2570 1038 2609 re
1068 2555 1178 2597 dicit
1209 2556 1276 2597 De
1306 2555 1410 2597 fort.
1443 2569 1486 2610 p.
1518 2554 1619 2610 99d.

387 2669 389 2673 .
458 2629 565 2683 Cap.
583 2628 713 2677 VIII,
732 2642 774 2682 p.
793 2627 851 2680 5d
866 2627 944 2669 ubi
960 2627 1244 2668 demonstrat
1259 2639 1327 2667 res
1343 2626 1566 2667 humanas
1581 2624 1794 2668 mortales
1809 2623 2093 2679 caducasque

398 2712 506 2748 esse,
541 2698 751 2753 deinceps
783 2702 1107 2740 enumerantur
1137 2699 1350 2755 εὐγένεια,
1367 2701 1570 2751 πλοῦτος,
1588 2698 1712 2751 δόξα,
1732 2697 2092 2752 κάλλος,ὑγίεια,

446 2879 476 2913 1)
525 2887 557 2915 p.
582 2878 643 2914 285
666 2886 741 2915 sqq.
