2228 3366
1222 226 1276 269 70

408 359 566 401 parva,
603 359 684 388 nec
721 345 873 387 studio
910 345 1059 400 digna,
1098 346 1401 396 nobilitatem,
1441 347 1638 398 divitias,
1677 348 1881 404 gloriam,
1910 339 2104 405 pulchri-

407 416 628 465 tudinem,
669 416 928 464 sanitatem,
968 416 1108 458 robur
1144 417 1362 472 corporis:
1403 418 1546 460 solam
1583 419 1807 461 bonorum
1843 424 2105 463 nostrorum

409 487 664 529 doctrinam
684 500 778 528 esse
813 487 1165 540 imm01talem'',
1203 501 1256 530 ea
1291 487 1602 543 Wyttenbach
1637 490 1701 532 ait
1736 503 1831 532 esse
1868 491 2105 540 „Stoicum

391 562 715 615 rumpotxououoe,
756 557 903 599 obiter
949 557 1087 601 fando
1123 563 1362 614 acceptum
1390 567 1479 601 'nec
1521 559 1850 606 intellectum.''
1904 560 2106 604 Stoicam

407 641 503 670 esse
535 629 810 670 sententiam
841 629 1035 670 libenter
1065 629 1238 684 accipio
1269 633 1315 671 et
1349 629 1423 671 alii
1457 629 1899 673 demonstraverunt.
1936 631 2105 686 „Jenes

410 699 554 741 Urteil
588 699 701 741 iiber
730 699 801 741 die
829 700 972 758 μέσα”
1006 698 1173 755 Dyroff
1188 700 1388 755 inquit,¹)
1413 700 1585 750 ,‚kann,
1606 701 1688 743 wie
1706 701 1847 743 sehon
1865 702 2102 758 GERCKE2)

409 770 656 819 bemerkte,
678 770 763 811 mit
785 770 1001 825 gleichem
1025 770 1197 812 Rechte
1219 771 1284 812 als
1307 771 1485 813 Stoisch
1506 772 1843 827 angesprochen
1863 771 2099 828 werden‚³)

409 840 504 882 und
538 854 656 883 zwar
688 841 752 884 als
790 840 1027 883 altstoisch
1059 841 1123 882 im
1160 841 1411 896 Gegensatz
1445 856 1502 883 zu
1523 842 1755 885 Panaitios
1775 843 1871 885 und
1891 842 2104 886 Poseido-

365 916 369 918 ’
409 912 523 962 nios,
573 911 737 954 welche
769 914 959 970 χορηγία
994 909 1065 961 (=
1085 916 1304 969 πλοῦτος),
1339 913 1460 971 ἰσχύς
1503 912 1601 954 und
1629 914 1773 972 ὑγιεία
1804 927 1861 956 zu
1892 913 1980 956 den
2011 913 2102 956 Gii-

410 987 509 1024 tern
524 982 812 1024 rechneten.”
832 981 951 1037 Quid
970 995 1077 1024 vero
1090 996 1181 1026 non
1194 982 1467 1024 intellexerit
1482 986 1646 1025 auctor
1657 984 1704 1025 in
1718 983 2023 1026 exscribendis
2035 983 2106 1026 his
2121 977 2125 982 ’

411 1053 665 1095 Stoicorum
697 1053 946 1102 sententiis,
979 1053 1151 1095 clarum
1183 1067 1274 1095 non
1305 1057 1387 1095 est.
1423 1047 1663 1108 Duplicem
1694 1067 1788 1098 esse
1819 1067 2015 1097 errorem
2056 1055 2104 1097 in

410 1124 495 1165 hoc
533 1123 701 1165 iudicio
740 1123 805 1165 ait
846 1123 1180 1178 Wyttenbach:
1223 1124 1453 1179 „primum
1477 1124 1676 1179 corporis
1705 1124 2103 1180 pulchritudinem,

411 1194 656 1236 sanitatem
694 1198 740 1235 et
778 1194 929 1243 robur,
969 1194 1093 1236 nullo
1132 1193 1284 1236 studio
1322 1207 1417 1236 esse
1456 1193 1612 1250 digna:
1654 1195 1816 1237 deinde
1854 1195 1965 1238 haec
2002 1196 2135 1251 ipsa„

412 1279 573 1307 vocare
603 1265 824 1314 humana;
856 1265 985 1320 quasi
1016 1278 1122 1307 vero
1153 1266 1305 1307 omnia
1333 1265 1548 1315 humana,
1579 1266 1627 1308 id
1655 1270 1724 1308 est
1754 1279 1820 1316 ea,
1854 1279 1970 1321 quae
2000 1279 2105 1309 cum

412 1335 606 1377 hominis
626 1339 793 1400 natura
814 1336 1057 1377 coniuncta
1077 1340 1197 1385 sunt,
1221 1336 1384 1390 negligi
1406 1335 1616 1386 debeant,
1640 1340 1720 1379 aut
1743 1337 1871 1392 quasi
1893 1350 1985 1379 non
2005 1337 2106 1392 ipsa

412 1406 620 1448 doctn‘na
654 1406 714 1448 ad
748 1419 818 1448 res
854 1406 1076 1448 humanas
1110 1407 1377 1449 refe1-atur.”
1413 1407 1475 1449 At
1495 1421 1587 1449 vox
1606 1422 1650 1463 q.
1671 1420 1708 1449 e.
1731 1410 2002 1465 ἀνθρώπινος
2021 1407 2107 1450 hoc

412 1477 511 1519 loco
536 1477 880 1532 nonsignificat
910 1477 1208 1526 „coniunctus
1234 1491 1339 1519 cum
1364 1476 1601 1520 hominum
1626 1478 1823 1520 natura”
1851 1477 1931 1520 sed
1957 1491 2106 1528 „mor-

414 1548 563 1596 talis’',
607 1552 658 1589 ut
701 1547 947 1589 rectissime
990 1548 1289 1590 Heumannus
1331 1552 1545 1590 annotat:
1592 1548 1842 1598 „Homines
1883 1552 2110 1591 vocantur

413 1618 610 1661 mortales
622 1632 640 1667 ,·
667 1632 772 1673 ergo
800 1619 995 1661 humana
1023 1618 1066 1661 h.
1097 1619 1125 1660 1.
1156 1622 1262 1660 sunt
1291 1619 1507 1668 mortalia,
1539 1619 1747 1661 caduca.”
1779 1618 1920 1662 Paulo
1949 1623 2052 1674 post
2081 1631 2105 1660 e

413 1690 641 1731 contrario
693 1689 860 1731 dicitur
909 1689 1165 1731 doct1inam
1212 1689 1355 1731 solam
1392 1703 1486 1731 esse
1527 1692 1763 1744 ἀθάνατον,
1803 1689 2100 1732 immortalem.

414 1760 527 1802 Cum
570 1764 724 1802 totum
768 1760 918 1802 locum
962 1760 1118 1815 legeris
1164 1761 1373 1815 opinione
1418 1774 1510 1804 non
1555 1759 1879 1815 praeiudicata,
1927 1759 2105 1802 videbis

414 1835 646 1873 auctorem
674 1830 945 1873 contendere
973 1831 1104 1880 nolle,
1135 1831 1259 1873 nulla
1288 1831 1473 1873 omnino
1500 1831 1621 1873 bona
1649 1831 1802 1873 studio
1829 1844 1925 1876 esse
1953 1830 2103 1885 digna,

414 1902 492 1943 sed
523 1902 643 1944 bona
675 1901 907 1944 doctrinae
939 1901 1090 1943 studio
1121 1902 1251 1956 longe
1283 1915 1376 1943 esse
1409 1901 1739 1956 postponenda,
1772 1905 1877 1956 prae
1907 1900 2104 1943 doctrina

414 1986 508 2014 esse
542 1986 684 2027 parva
715 1976 762 2014 et
794 1972 1018 2014 mortalia.
1055 1972 1275 2013 Puen'lem
1307 1973 1354 2014 in
1386 1972 1574 2014 modum
1606 1971 1917 2027 Wyttenbach
1949 1970 2101 2014 addit:

417 2044 567 2092 „Nam
606 2043 642 2084 si
683 2043 778 2085 sola
817 2045 992 2089 παιδεία
1023 2042 1175 2084 studio
1199 2047 1266 2084 est
1294 2042 1446 2097 digna,
1475 2042 1585 2098 quid
1611 2042 1815 2084 dicamus
1840 2042 1895 2084 de
1921 2041 2104 2097 reliquis

416 2114 712 2157 Educationis
763 2114 982 2169 partibus.
1041 2117 1218 2172 γενέσει,
1271 2119 1422 2173 τροφῇ,
1458 2117 1641 2172 ἀγωγῇ,
1679 2113 1734 2154 de
1771 2113 1936 2168 quibus
1972 2116 2109 2155 antea

415 2198 520 2227 cum
551 2185 704 2227 studio
731 2182 1084 2240 praeceperat?’'
1125 2185 1262 2239 Quasi
1299 2197 1406 2226 vero
1442 2184 1552 2226 haec
1588 2197 1680 2225 non
1716 2183 1807 2225 sint
1845 2182 2109 2225 adjumenta

416 2260 554 2311 atque
588 2254 875 2305 adminicula,
911 2255 1076 2310 quibus
1109 2269 1222 2310 opus
1255 2255 1313 2296 sit
1347 2254 1407 2296 ad
1439 2254 1694 2298 doctrinam
1727 2252 2106 2309 consequendam,

414 2326 670 2381 idcircoque
701 2326 853 2368 studio
884 2326 1045 2380 digna!

480 2399 569 2442 Καὶ
589 2400 668 2443 δύο
697 2400 753 2442 τὰ
784 2399 956 2442 πάντων
987 2398 1079 2442 ἐστὶ
1106 2399 1356 2455 κυριώτατα
1385 2400 1428 2442 ἐν
1461 2398 1710 2455 ἀνθρωπίνῃ
1745 2398 1883 2454 φύσει,
1917 2400 2015 2447 νοῦς
2030 2394 2108 2440 καὶ

417 2471 563 2527 λόγος.
599 2468 670 2510 Sic
691 2468 836 2523 pergit
859 2467 1142 2510 Plutarchus.
1169 2468 1424 2517 „Neutrum
1446 2466 1556 2522 quld
1576 2467 1648 2515 sit,
1671 2465 1953 2521 explicatur'’
1977 2465 2110 2520 Wyt-

415 2538 614 2580 tenbach
627 2538 790 2593 inquit.
813 2539 953 2580 Recte
970 2538 1179 2580 fortasse:
1197 2538 1478 2580 desideratur
1491 2543 1703 2579 accurata
1715 2536 1934 2578 definitio.
1950 2536 2108 2591 Neque

419 2622 525 2650 vero
555 2609 780 2650 scribebat
827 2608 1012 2650 librum:
1049 2609 1285 2650 materiem
1304 2608 1573 2663 congerebat
1593 2611 1763 2649 auctor.
1786 2607 1876 2665 „At
1895 2606 2112 2648 lauda-tur

464 2744 496 2784 1)
543 2754 576 2783 p.
601 2746 676 2782 256.

463 2798 495 2835 2)
546 2798 668 2828 Rhein.
691 2798 777 2828 Mus.
800 2807 852 2834 41,
874 2804 949 2834 471.

464 2852 495 2889 3)
545 2852 652 2882 Dloo.
671 2851 804 2881 LAERT.
823 2851 904 2888 VII,
925 2860 1003 2886 102:
1021 2851 1063 2880 ct.
1083 2850 1214 2880 emm.
1234 2850 1305 2880 tab.
1325 2858 1352 2880 c.
1373 2851 1413 2887 36
1430 2858 1513 2887 sqq..
