2228 3366
983 206 1039 251 29

154 325 280 382 apud
316 325 656 382 Quintilianum
691 326 882 368 omnino
915 325 1029 367 nihil
1063 325 1245 380 legitur.
1283 325 1472 368 Accedit
1510 325 1633 381 quod
1669 339 1735 375 ea,
1760 339 1878 381 quae

154 397 506 454 subsequuntur
543 396 715 449 locum,
758 397 902 452 ipsius
944 397 1218 452 Quintiliani
1259 398 1416 452 sunt,¹)
1463 411 1515 439 ac
1556 401 1662 439 tum
1690 397 1878 439 demum

154 468 318 519 verbis,
354 482 470 525 quae
503 473 612 511 sunt
647 468 733 518 „de
766 468 932 524 pueris,
964 468 1087 510 inter
1117 468 1564 524 quos‚educabitur”
1585 473 1695 511 cett.
1715 474 1880 511 auctor

155 539 406 583 revertitur
439 539 499 582 ad
535 539 860 595 Chrysippum.
899 539 1099 582 Omnino
1134 539 1332 582 eundem
1367 540 1575 582 ordinem
1611 540 1737 595 apud
1774 540 1879 582 Plu-

153 611 369 666 tarchum
399 611 679 660 invenimus,
711 611 798 655 nisi
830 610 956 666 quod
988 611 1025 652 is
1056 615 1389 653 commemorat
1421 611 1535 653 illud
1568 611 1788 661 Platonis,
1820 625 1878 653 ne

155 683 348 738 quaevis
375 682 572 725 fabellae
600 682 754 738 pueris
778 686 1038 724 narrentur.
1146 677 1151 681 ’

215 754 284 797 Ea
307 767 509 810 quoque,
534 767 652 810 quae
678 753 957 795 Plutarchus
979 753 1094 796 dicit
1117 753 1174 795 de
1198 754 1352 809 pueris
1374 754 1495 797 inter
1517 768 1632 809 quos
1654 754 1879 796 educetur

131 825 380 876 ¹alumnus,
427 839 455 868 a
498 825 757 881 Chrysippo
799 825 906 867 oriri
934 829 1129 880 apparet
1157 839 1181 867 e
1211 825 1485 880 Quintiliani
1513 825 1614 868 loco
1642 825 1876 881 parallelo.

213 897 332 939 Tum
353 901 550 952 uterque
571 900 735 938 auctor
756 896 899 938 verba
921 896 1034 938 facit
1057 896 1113 939 de
1137 897 1419 952 paedagogo.
1446 897 1533 939 Hic
1556 902 1714 939 autem
1730 898 1877 946 locus,

155 967 393 1024 quomodo
417 972 613 1024 uterque
640 981 664 1009 e
693 968 938 1023 Chrysippi
964 968 1119 1010 libello
1146 969 1362 1024 pendeat,
1392 969 1510 1011 clare
1539 969 1757 1011 ostendit.

214 1039 531 1096 Quintilianus
564 1039 677 1082 haec
710 1039 843 1082 dicit:
883 1040 918 1089 I,
958 1053 995 1089 1,
1031 1040 1072 1082 8.
1111 1040 1196 1090 „de
1231 1040 1510 1095 paedagogis
1542 1040 1628 1082 hoc
1662 1040 1877 1096 amplius,

129 1102 133 1106 ’
157 1114 211 1152 ut
237 1114 320 1153 aut
346 1110 440 1155 sint
465 1110 636 1153 eruditi
662 1110 813 1166 plane,
841 1125 983 1166 quam
1010 1111 1207 1167 primam
1233 1125 1329 1153 esse
1356 1125 1515 1154 curam
1539 1112 1695 1161 velim,
1723 1116 1804 1154 aut
1831 1126 1878 1154 se

154 1195 250 1224 non
278 1189 379 1224 esse
411 1181 619 1224 eruditos
651 1182 815 1224 sciant.
849 1183 964 1224 nihil
996 1187 1066 1224 est
1100 1183 1229 1238 peius
1261 1183 1330 1232 iis,
1365 1183 1444 1239 qui
1477 1183 1668 1238 paulum
1702 1184 1878 1239 aliquid

154 1253 280 1296 ultra
309 1253 482 1309 primas
510 1253 691 1296 litteras
721 1254 947 1309 progressi
977 1254 1141 1296 falsam
1171 1255 1258 1296 sibi
1287 1255 1505 1297 scientiae
1536 1255 1878 1310 persuasionem

154 1324 408 1367 induerunt
441 1359 448 1367 .
475 1359 483 1367 .
508 1359 516 1367 .
545 1337 586 1380 9.
614 1338 698 1367 nec
727 1325 881 1368 minus
907 1339 1032 1368 error
1057 1340 1216 1368 eorum
1243 1330 1378 1368 nocet
1406 1326 1628 1368 moribus.
1656 1352 1715 1356 ——
1744 1339 1811 1368 11.
1841 1327 1877 1368 si

154 1399 315 1439 tamen
375 1410 470 1440 non
516 1397 754 1452 continget
801 1397 959 1452 quales
1003 1398 1205 1439 maxime
1251 1397 1389 1440 velim
1433 1398 1649 1447 nutrices,
1697 1411 1877 1453 pueros,

152 1467 453 1524 paedagogos
482 1467 667 1518 habere,
699 1473 747 1510 at
779 1483 899 1513 unus
929 1473 1051 1511 certe
1082 1469 1141 1511 sit
1172 1469 1394 1512 adsiduus
1423 1469 1641 1525 loquendi
1671 1483 1765 1512 non
1794 1470 1879 1511 im-

159 1539 352 1595 peritus,
385 1539 481 1595 qui,
514 1540 649 1595 siqua
679 1545 815 1582 erunt
849 1540 909 1583 ab
941 1540 1011 1582 his
1045 1545 1284 1596 praesente
1318 1541 1506 1583 alumno
1537 1541 1664 1583 dicta
1696 1541 1875 1591 vitiose,

153 1610 353 1666 corrigat
379 1610 592 1666 protinus
617 1625 702 1653 nec
725 1611 921 1654 insidere
946 1611 1011 1654 illi
1051 1612 1189 1662 sinat,
1231 1612 1344 1654 dum
1384 1616 1543 1655 tamen
1582 1612 1879 1668 intellegatur

151 1681 215 1732 id,
248 1681 376 1738 quod
410 1682 536 1737 prius
569 1682 683 1732 dixi,
717 1683 892 1725 bonum
925 1697 1037 1732 esse,
1071 1684 1157 1726 hoc
1188 1684 1491 1726 remedium.''
1885 1680 1889 1685 ’

210 1753 487 1796 Plutarchus
513 1767 614 1809 cap.
644 1766 670 1809 7
697 1768 741 1810 p.
770 1767 798 1809 4
823 1768 863 1796 a.
915 1757 1088 1800 ἐπειδὰν
1137 1759 1274 1801 τοίνυν
1322 1758 1500 1814 ἡλικίαν
1551 1759 1744 1815 λάβωσιν
1791 1757 1875 1801 ὑπὸ

147 1827 456 1884 παιδαγωγοῖς
502 1829 735 1885 τετάχθαι,
779 1828 975 1872 ἐνταῦθα
1015 1829 1066 1885 δὴ
1113 1830 1279 1885 πολλὴν
1316 1829 1561 1885 ἐπιμέλειαν
1597 1830 1748 1873 ἑκτέον
1784 1829 1876 1873 ἐστὶ

147 1901 222 1955 τῆς
254 1899 418 1943 τούτων
456 1901 783 1953 καταστάσεως,
819 1901 878 1951 ὡς
911 1901 970 1956 μὴ
1006 1902 1203 1944 λάθωσιν
1239 1901 1521 1956 ἀνδραπόδοις
1568 1902 1595 1957 ἢ
1640 1903 1873 1959 βαρβάροις

151 1969 179 2026 ἢ
209 1970 499 2029 παλιμβόλοις
530 1972 589 2015 τὰ
616 1971 751 2016 τέκνα
780 1972 1041 2027 παράδοντες
1079 1990 1121 2015 κ.
1155 1991 1192 2016 τ.
1228 1978 1269 2015 λ.

215 2039 271 2082 Id
295 2039 440 2094 igitur
466 2040 684 2082 convenit
713 2040 846 2084 alteri
873 2055 979 2083 cum
1007 2041 1154 2084 altero
1180 2055 1411 2084 summam
1439 2056 1596 2084 curam
1623 2056 1719 2084 esse
1747 2042 1878 2084 adhi-

151 2110 356 2153 bendam
388 2111 435 2153 in
468 2111 679 2166 eligendo
713 2112 996 2168 paedagogo.
1034 2113 1101 2154 Ne
1135 2113 1367 2162 miremur,
1403 2114 1529 2169 quod
1563 2114 1877 2169 Quintilianus

152 2182 300 2238 magis
330 2181 445 2225 illud
475 2183 680 2225 attendit
711 2197 788 2226 eos
819 2198 960 2239 quam
990 2184 1170 2239 optima
1198 2184 1458 2226 eruditione
1490 2198 1542 2226 ac
1567 2185 1762 2227 scientia
1779 2198 1876 2226 esse

151 2252 333 2303 debere,
356 2253 644 2303 xPlutarchus
673 2255 729 2297 de
758 2255 966 2297 moribus
994 2256 1134 2298 modo
1162 2256 1386 2312 loquitur:
1422 2256 1593 2311 quippe
1621 2256 1695 2298 ille
1715 2256 1875 2298 scribit

156 2324 543 2375 „Institutionem
600 2327 899 2376 oratoriam”,
949 2327 1023 2369 hic
1074 2332 1322 2383 praecepta
1353 2327 1435 2371 dat
1467 2331 1550 2373 τίνι
1585 2326 1757 2387 (ἀγωγῇ
1792 2334 1873 2386 sc.)

148 2399 367 2455 χρώμενοι
399 2400 640 2443 σπουδαῖοι
666 2401 764 2451 τοὺς
798 2401 981 2455 τρόπους
1021 2401 1070 2444 ἂν
1105 2401 1314 2459 ἀποβαῖεν
1353 2400 1497 2455 pueri.

125 2470 128 2474 '
214 2467 421 2510 Diversis
459 2481 568 2510 vero
604 2469 839 2511 aetatibus
874 2474 1070 2525 uterque
1107 2483 1249 2525 puero
1286 2471 1605 2526 paedagogum
1642 2471 1874 2512 attribuit.

155 2538 273 2580 Sane
321 2539 659 2595 Wyttenbach:
714 2540 1090 2596 „Quintilianus”
1139 2542 1291 2597 inquit
1344 2542 1516 2591 „etiam
1563 2542 1650 2584 sub
1697 2542 1876 2584 nutrice

153 2689 345 2718 scheinlich
381 2689 490 2719 selbst
527 2691 722 2727 gebraucht
747 2691 847 2721 hat.'’
871 2701 900 2721 e.
926 2701 958 2729 q.
983 2701 1023 2728 s.;
1047 2692 1091 2721 cf.
1112 2700 1144 2729 p.
1166 2694 1229 2728 264
1247 2701 1280 2722 n.
1304 2702 1332 2722 1:
1352 2693 1638 2730 „Dekomposita
1656 2694 1721 2722 mit
1738 2688 1874 2723 ἐναπο-

155 2741 235 2772 sind
253 2741 315 2772 der
332 2742 418 2772 Stoa
436 2743 627 2781 gelaufig.''
648 2745 862 2782 (sequuntur
878 2746 1062 2782 complura
1078 2746 1269 2783 exempla).

202 2796 233 2833 1)
262 2795 365 2833 Quod
383 2796 538 2827 DYROFF
549 2797 684 2827 indicat
697 2806 867 2835 apparere
878 2807 921 2828 ex
931 2800 1114 2836 exemplis,
1129 2799 1257 2836 quibus
1268 2799 1544 2836 Qulxrrrmnus
1559 2800 1762 2837 opinionem
1774 2808 1875 2829 suam

152 2848 322 2885 illustrat,
339 2858 356 2878 e
377 2850 619 2880 Romanorum
636 2851 784 2881 historia
799 2852 963 2889 sumptis.
983 2852 1037 2881 Ad
1055 2856 1306 2889 argumentum
1322 2853 1365 2883 cf.
1385 2853 1458 2883 C1c.
1479 2854 1579 2883 Brut.
1599 2855 1651 2890 58,
1671 2863 1735 2883 210
1751 2862 1827 2890 sqq.
