2228 3366
1173 238 1230 282 24

415 353 579 395 Paucis
616 367 697 408 age
735 354 1030 409 complectar,
1070 369 1187 410 quae
1224 356 1280 398 de
1318 356 1560 413 Chrysippi
1597 358 1748 402 libello
1785 360 1896 403 dixi.
1937 360 2064 404 Haec

356 423 602 466 feresunt:
657 425 1106 467 Plutarchum
1155 426 1436 468 tradere
1485 428 1775 471 titulum
1823 430 2063 473 libelli

356 494 775 550 Chrysippei
848 495 1041 537 hunc:
1079 498 1220 553 περὶ
1268 500 1754 567 παιδοτροφίαςέ
1805 500 2063 547 nullam

354 577 499 606 esse
541 578 824 616 causam,
869 579 982 607 cur
1022 566 1440 610 diffidamus
1478 569 1856 613 Plutarcho
1891 571 2062 614 hunc

354 635 645 677 titulum
721 636 1068 686 laudanti;
1145 643 1620 692 argumentum
1692 641 1864 682 enirn
1937 643 1980 697 q'.
2020 655 2060 684 e.

351 708 754 766 παιδοτροφία
803 707 879 750 ab
914 707 1078 749 aliis
1113 723 1377 764 quoque
1413 710 1860 767 philosophis
1893 726 2061 756 seor—

352 776 470 818 sim
510 778 586 820 ab
625 779 955 821 universa
994 779 1414 822 educatione
1455 786 1662 836 atque
1701 782 2060 826 instituti-

352 861 469 889 one
547 849 925 892 liberorum
1003 837 1390 893 tractatum
1467 852 1708 902 fuisse;
1787 854 2060 897 omnino

352 933 516 973 opus
575 933 700 962 non
760 934 905 962 esse
964 921 1271 972 titulum,
1332 936 1519 977 quem
1569 923 2068 978 Quintilianus

351 989 912 1039 afferat,Latine
944 991 1229 1035 reddere
1262 994 1664 1050 περὶπαίδων
1700 995 2060 1052 ἀγωγῆς,ί(1

351 1060 526 1115 quod
563 1060 915 1117 hucusque
953 1062 1088 1103 viri
1124 1062 1316 1104 docti
1352 1063 1681 1113 fecerint;
1719 1063 1831 1105 sed
1867 1064 2058 1119 Quin-

350 1129 682 1172 tilianum
733 1132 1012 1173 eundem
1064 1132 1383 1174 libellum
1434 1132 1749 1175 indicare
1800 1147 1868 1175 ac
1921 1133 2058 1190 Plu-

350 1200 680 1250 tarchum,
730 1215 921 1256 quam
968 1215 1097 1242 rem
1145 1202 1507 1256 quominus
1556 1203 1651 1244 sic
1699 1216 1761 1244 56
1807 1203 2059 1246 habere

352 1274 683 1323 putemus,
757 1286 882 1315 non
956 1273 1239 1315 obstare
1313 1273 1748 1328 Quintiliani
1819 1275 2057 1326 l.ocum;

352 1354 681 1397 nusquam
715 1344 2056 1402 alibilegititulumlibriChrysippei;

352 1412 594 1467 itaque
632 1427 770 1456 eum
809 1415 1028 1457 fuisse
1064 1417 1186 1473 περὶ
1233 1419 1719 1474 παιδοτροφίας-

415 1483 514 1525 Iam
550 1489 866 1527 ostentaturus
901 1500 1002 1527 sum
1036 1499 1103 1536 ea,
1139 1499 1256 1541 quae
1290 1490 1335 1528 et
1372 1486 1645 1528 Plutarchus
1677 1491 1724 1529 et
1746 1487 2057 1542 Quintilianus

352 1554 590 1596 hauserint
626 1569 649 1596 6
686 1556 928 1611 Chrysippi
963 1557 1126 1606 libello,
1165 1557 1278 1599 talia
1311 1571 1421 1606 6556,
1458 1561 1509 1598 ut
1546 1557 1676 1599 facile
1711 1558 1812 1612 quis
1835 1557 2056 1600 concedat
2102 1576 2105 1579 ·

354 1624 451 1666 fieri
497 1639 640 1680 posse,
664 1683 667 1686 Ι
688 1631 740 1668 ut
785 1627 1060 1682 deprompta
1104 1628 1195 1669 sint
1247 1641 1271 1668 6
1315 1628 1442 1678 libro,
1491 1628 1563 1669 cui
1607 1628 1772 1670 titulus
1815 1632 1933 1671 esset
1958 1630 2056 1686 περὶ

350 1698 646 1755 παιδοτοφίας,
701 1698 887 1739 minime
942 1711 1050 1740 vero
1100 1711 1281 1740 necesse
1317 1712 1412 1740 esse
1458 1703 1645 1753 propter
1679 1712 1747 1750 ea,
1786 1712 1905 1754 quae
1939 1699 2056 1741 libro

352 1767 709 1817 continerentur,
766 1773 927 1823 putare
967 1769 1157 1810 titulum
1198 1769 1334 1811 fuisse
1374 1771 1470 1826 περὶ
1502 1773 1666 1815 παίδων
1701 1772 1894 1828 ἀγωγῆς.
1929 1769 2057 1825 Quae

354 1836 631 1879 Plutarchus
682 1844 863 1893 praeter
911 1839 1021 1882 haec
1073 1839 1385 1894 philosophiae
1436 1854 1486 1881 ac
1537 1840 1717 1895 scriptis
1767 1840 2056 1895 Chrysippeis

352 1907 577 1957 debuerit,
629 1922 810 1964 quoque
862 1910 999 1952 modo
1030 1924 1135 1951 eum
1167 1910 1277 1951 haec
1310 1910 1531 1964 adeptum
1562 1923 1657 1952 esse
1689 1915 1862 1965 putem,
1896 1914 2056 1966 postea

351 1978 464 2019 mihi
495 1979 907 2022 demonstrandum
936 1981 1036 2022 erit.

503 2122 522 2172 §
554 2132 595 2174 4.
661 2122 781 2176 Quae
817 2126 854 2162 et
889 2092 1154 2163 Plutarchus
1191 2126 1228 2163 et
1263 2095 1579 2177 Quintilianus>
1608 2136 1628 2163 e
1665 2121 1909 2177 Chrysippi

939 2192 1081 2234 libello
1113 2193 1352 2234 hauserint.

411 2331 651 2381 Libellum,
688 2333 766 2387 qui
800 2338 907 2388 agat
942 2334 997 2374 de
1032 2333 1180 2388 prima
1212 2333 1458 2375 liberorum
1492 2338 1660 2382 aetate,
1695 2337 2052 2375 consentaneum

351 2406 420 2443 est
457 2402 681 2458 scriptori,
720 2404 798 2458 qui
834 2417 940 2445 eum
976 2404 1186 2452 consulit,
1226 2417 1332 2458 prae
1368 2403 1529 2445 ceteris
1565 2403 1776 2445 omnibus
1811 2402 2052 2445 materiam

351 2475 567 2527 praebere
608 2474 648 2514 ei
689 2474 810 2528 parti
852 2474 955 2516 libri
996 2474 1363 2523 conscribendae,
1406 2488 1498 2529 qua
1537 2474 1593 2515 de
1632 2473 1823 2515 infantia
1869 2486 2051 2529 quoque

350 2555 497 2584 sermo
515 2543 588 2585 sit.
610 2544 747 2599 Apud
766 2545 1065 2586 Plutarchum
1083 2557 1265 2599 quoque
1283 2544 1345 2586 sic
1363 2557 1409 2586 se
1427 2557 1497 2586 res
1514 2535 1670 2585 habetss
1690 2544 1809 2585 Nam
1822 2543 2050 2598 capitibus

352 2624 376 2666 5
404 2618 450 2655 et
479 2614 506 2655 6
533 2615 811 2669 comparatis
838 2625 946 2657 cumv
971 2615 1243 2670 Quintiliani
1272 2615 1436 2664 verbis,
1465 2615 1739 2669 reperiemus
1765 2627 1871 2656 eum
1898 2610 2052 2656 omnia

351 2684 457 2733 fere,
500 2698 616 2739 quae
656 2687 753 2743 περὶ
799 2692 958 2744 τροφῆς
997 2686 1135 2734 dicat,
1177 2685 1339 2727 debere
1376 2685 1643 2740 Chrysippo,
1670 2685 1765 2725 sive
1788 2684 1884 2739 ipse
1910 2683 2051 2739 Chry-

351 2755 470 2809 sippi
498 2755 611 2796 liber
637 2756 677 2797 ei
705 2761 889 2810 praesto
916 2756 1004 2797 fuit
1032 2769 1111 2797 seu
1138 2769 1230 2797 non
1258 2755 1361 2804 fuit,
1392 2769 1485 2810 qua
1512 2755 1567 2796 de
1595 2755 1862 2809 quaestione
1890 2758 2050 2809 postea

350 2825 510 2866 melius
542 2826 742 2868 iudicare
776 2826 1039 2880 poterimus.
1077 2826 1206 2867 Prius
1238 2825 1359 2867 inter
1389 2839 1436 2867 se
1469 2839 1785 2880 comparemus
1817 2838 1893 2867 eos
1925 2824 2050 2880 apud
