2228 3366
1219 203 1275 246 80

417 339 576 391 postea
589 334 862 377 Plutarchus
878 334 1113 376 locuturus
1125 334 1262 376 fuerit
1274 334 1330 376 de
1342 334 1568 379 rhetorica
1579 339 1624 378 et
1640 336 1800 378 ceteris
1811 336 2116 382 institutionis

420 405 643 461 partibus,
684 405 852 446 librum
892 418 1025 446 suum
1049 405 1360 447 conscribens?
1402 405 1490 447 Hic
1527 419 1581 448 ea
1612 406 1748 452 modo
1771 407 1902 457 dixit,
1929 421 2046 463 quae
2067 408 2116 453 in

416 476 542 518 fonte
553 477 736 530 legerat.
753 476 873 517 Nam
885 475 996 518 haec
1008 489 1035 518 a
1050 475 1202 518 Stoico
1214 476 1341 518 fonte
1353 475 1545 518 oriunda
1559 489 1654 518 esse
1669 476 1835 533 Dyroff
1846 478 1984 534 proba
1991 478 2112 536 vit.1)

475 547 600 588 Haec
643 559 824 601 quoque
866 546 1178 602 Wyttenbach
1219 547 1472 602 vituperat:
1512 550 1619 604 πρὸς
1663 550 1710 600 δὲ
1755 550 1942 605 τούτοις,
1987 549 2031 595 τί
2064 551 2115 596 ἂν

414 620 514 669 τοὺς
539 619 703 670 παῖδας
735 619 925 676 χρηστὸν
956 620 1100 675 ἕτερον
1132 620 1395 676 διδάξαιμεν,
1419 620 1500 663 καί
1516 621 1625 663 τίσιν
1646 620 1838 677 ἀγαθοῖς
1854 614 2119 678 ἑᾶτιφύεσθαι

415 690 761 746 παραινέσαιμεν.
832 688 983 743 „Quid
1033 688 1158 730 aliud
1209 689 1309 730 est’'
1358 689 1509 744 inquit
1557 693 1698 747 -,,πρὸς
1748 692 1916 744 τούτοις
1977 704 2118 747 quam

414 761 663 815 praeterea?
697 759 869 801 Saltem
906 759 1094 801 dixisset
1129 762 1224 804 ἀντὶ
1256 762 1304 805 δὲ
1328 763 1509 815 τούτων,
1536 760 1691 803 horum
1708 760 1809 810 loco,
1831 761 1904 803 vel
1921 761 2134 818 denique,

414 832 520 887 πρὸς
550 835 699 885 ταῦτα,
750 830 955 872 adversus
997 830 1145 872 haec.’'
1191 831 1252 872 At
1294 831 1480 873 omnino
1522 831 1632 874 haec
1673 827 1765 874 non
1793 831 1911 875 dixit
1939 835 2115 876 auctor.

377 949 380 952 Α
415 901 589 956 Optimi
618 901 794 943 codices
830 901 1043 943 lacunam
1060 901 1246 943 habent.
1279 901 1386 943 Cod.
1411 901 1550 944 Paris.
1574 902 1626 944 A.
1649 916 1693 944 n.
1719 901 1828 957 1671
1851 902 1993 946 verba
2013 917 2056 959 q.
2078 916 2115 946 S.

413 972 987 1030 χρηστόν-παραινέσαιμεν
1024 972 1071 1012 in
1099 972 1309 1034 *margine
1347 971 1578 1027 adscripta
1626 972 1779 1015 habet.
1828 973 1932 1015 Sine
1976 972 2118 1016 dubio

414 1046 573 1097 postea
596 1042 767 1084 inserta
788 1046 910 1091 sunt,
937 1056 1084 1097 neque
1118 1042 1210 1084 ullo
1245 1043 1382 1084 modo
1404 1043 1579 1085 auctori
1597 1043 1771 1085 crimini
1791 1043 1889 1086 dari
1908 1048 2115 1100 possunt.

473 1112 648 1155 Eodem
693 1113 843 1168 capite
888 1113 1171 1168 comparatio
1216 1113 1399 1168 legitur,
1442 1127 1581 1168 quam
1627 1113 1938 1169 Wyttenbach
1982 1114 2134 1159 valde·
2181 1132 2186 1138 ¹

412 1183 658 1239 improbat.
699 1184 811 1226 Inde
844 1197 871 1226 a
903 1184 1052 1226 verbis
1071 1186 1199 1243 μέχρι
1231 1186 1284 1241 δή
1315 1198 1459 1239 usque
1481 1183 1540 1226 ad
1561 1190 1821 1243 χαρακτῆρα
1855 1187 2121 1242 φυλάττουσι

413 1255 476 1296 sic
499 1255 660 1296 Latine
682 1255 841 1298 vertit:
868 1255 1019 1304 „Ante
1041 1255 1217 1296 virilem
1238 1259 1440 1297 aetatem
1461 1268 1518 1296 ex
1539 1259 1742 1310 tempore
1763 1269 1855 1298 non
1876 1259 1945 1298 est
1966 1254 2118 1299 dicen-

413 1325 538 1367 dum.
563 1325 654 1368 Ubi
676 1325 871 1367 facultas
893 1325 1091 1368 oratoria
1105 1318 1285 1367 'radices
1306 1326 1460 1380 egerit,
1482 1339 1537 1368 ea
1556 1325 1694 1368 libere
1715 1326 1785 1368 uti
1804 1325 1973 1368 licebit.
1997 1326 2125 1369 Nam.
2176 1356 2178 1358 ψ

414 1395 803 1451 quemadmodum
826 1396 905 1451 qui
926 1396 1006 1438 diu
1028 1396 1212 1438 fuerunt
1236 1396 1393 1445 vincti,
1418 1396 1662 1452 postmodo
1684 1396 1835 1446 soluti,
1860 1396 1920 1438 ob
1941 1395 2118 1439 diutur-

412 1481 521 1509 nam
545 1467 830 1509 vinculorum
854 1467 1231 1509 consuetudinem
1253 1459 1476 1517 titubant,
1501 1467 1568 1509 ita
1591 1467 1669 1522 qui
1693 1466 1946 1510 orationem
1968 1466 2118 1510 multo

413 1552 440 1579 a
480 1542 685 1592 tempore
727 1538 1023 1582 constrictam
1063 1542 1324 1587 tenuerunt,
1366 1538 1411 1587 ii,
1448 1538 1633 1580 ,etiarnsi
1674 1537 1921 1593 aliquando
1961 1537 2116 1581 subito

413 1612 623 1663 oporteat
656 1608 816 1658 dicere,
851 1609 991 1650 nihilo
1023 1609 1174 1650 minus
1206 1608 1398 1650 eandem
1431 1607 1609 1650 dicendi
1642 1608 1837 1651 formam
1867 1607 2116 1651 retinent.''

412 1678 549 1721 Tum:
593 1679 712 1728 „ista
748 1679 917 1733 igitur''
956 1679 1108 1735 inquit
1148 1679 1518 1734 „comparatione
1557 1678 1760 1721 voluitne
1799 1678 2117 1722 commendare

413 1754 708 1805 praeceptum
758 1764 816 1792 an
867 1750 1118 1805 quamdam
1166 1750 1206 1791 ei
1257 1750 1517 1792 cautionem
1564 1749 1822 1804 iniungere?
1876 1749 2118 1793 Utrumvis

412 1821 621 1870 voluerit,
640 1821 799 1876 inepta
816 1826 887 1864 est.
903 1821 1232 1876 comparatio?
1254 1821 1451 1863 Omnino
1467 1834 1559 1863 non
1576 1820 1783 1875 ineptam
1799 1833 1894 1862 esse
1909 1823 2115 1876 apparet,

412 1892 448 1933 si
486 1896 640 1933 totum
677 1892 828 1933 locum
865 1896 986 1933 recte
1024 1892 1392 1946 interpretamur.
1435 1891 1751 1946 Incipiendum
1788 1894 1857 1933 est
1894 1904 1923 1933 a
1960 1904 2004 1946 p.
2043 1890 2110 1932 ὃς.

415 1964 470 2008 Οἱ
520 1964 838 2021 δἀὐτοσχέδιοι
874 1968 961 2007 τῶν
998 1965 1144 2021 λόγων
1183 1966 1343 2004 auctor
1379 1961 1547 2016 inquit,
1586 1967 1753 2018 πολλῆς
1784 1961 2116 2019 εὐχερείαςκᾱὶ

413 2027 696 2093 ῥᾳδιουργίας
726 2035 813 2078 εἰσί
841 2036 1020 2091 πλῆνρεις
1055 2028 1114 2074 et'
1135 2037 1370 2088 praeterea
1402 2034 1463 2084 εἰς
1489 2034 1691 2090 ἀμετρίαν
1709 2033 1847 2089 δεινὴν
1862 2033 2116 2077 ἐκπίπτουσι

411 2106 485 2150 καὶ
532 2107 822 2162 πολυλογίαν,
875 2103 999 2159 quod
1046 2110 1102 2146 ne
1152 2103 1236 2145 fiat
1287 2105 1439 2161 σκέψις
1496 2102 1721 2157 prohibet,
1772 2115 1888 2158 quae
1937 2105 2111 2162 rectam

412 2178 667 2234 συμμετρίαν
710 2175 929 2230 praebet..
957 2175 1190 2230 Quantam
1231 2174 1482 2216 utilitatem
1509 2175 1660 2231 σκέψις
1688 2172 2134 2231 αἰίοταῒνοκθῐηρῌε,

412 2261 455 2301 p.
481 2246 539 2288 6d
576 2246 726 2288 allatis
748 2246 1102 2287 demonstratur.
1128 2246 1232 2287 Non
1254 2249 1409 2287 autem
1432 2257 1613 2286 omnem
1635 2243 1836 2286 subitam
1859 2243 2113 2286 orationem

411 2317 762 2372 improbandam
787 2330 882 2358 esse
907 2320 1057 2371 putat.
1087 2316 1248 2364 Immo,
1275 2329 1377 2357 eam
1401 2315 1586 2357 concedi
1611 2327 1742 2369 posse
1779 2314 1825 2356 1⁰
1861 2316 1920 2367 ὡς
1938 2316 1981 2358 ἑν
2004 2332 2113 2371 φαρ-

410 2391 550 2446 μάκου
568 2391 699 2446 μοίρᾳ
719 2387 846 2442 (quid
869 2387 927 2428 sit
956 2400 1066 2428 mox
1093 2386 1356 2443 exponam),
1388 2387 1436 2427 2⁰
1465 2385 1633 2427 adultis
1662 2384 1808 2426 solum
1835 2383 2109 2433 hominibus,

412 2472 665 2513 numquam
698 2458 847 2513 pueris
883 2457 948 2512 (f).
984 2458 1104 2499 Nam
1135 2456 1304 2499 adultis
1336 2456 1596 2497 hominibus
1627 2455 1828 2497 subitam
1851 2454 2112 2496 orationem

411 2542 570 2570 nocere
613 2542 705 2570 non
749 2541 892 2583 posse,
939 2527 1060 2582 quod
1103 2527 1148 2576 ii,
1193 2527 1372 2568 etiamsi
1415 2525 1662 2581 aliquando
1705 2524 1857 2566 subito
1901 2528 2111 2580 oporteat

412 2600 572 2648 dicere,
609 2599 828 2641 diuturna
860 2598 1185 2640 exercitatione
1221 2597 1348 2646 vitia,
1384 2597 1521 2638 modo
1554 2595 1828 2651 improbata,
1865 2595 2028 2644 vitent,
2055 2598 2110 2654 get

412 2674 523 2723 tunc
567 2670 708 2712 etiam
753 2669 909 2711 dicant
954 2673 1195 2724 tamquam
1240 2668 1277 2710 si
1322 2667 1574 2710 orationem
1620 2666 1917 2709 commentati
1960 2657 2132 2710 essent--

414 2738 504 2806 (τὸν
539 2744 667 2785 αὐτὸν
698 2746 776 2798 τῆς
810 2742 1033 2798 ἑρμηνείας
1055 2745 1313 2798 χαρακτῆρα
1330 2740 1625 2797 φυλάττουσι).
1648 2736 1951 2792 Comparatio,
1971 2748 2120 2791 quam-

459 2844 489 2880 1)
538 2852 570 2880 p.
596 2844 660 2878 276
683 2851 759 2879 sqq.
