2228 3366
1022 211 1077 255 81

153 349 328 391 auctor
355 345 565 395 exhibet,
603 327 878 400 explicanda
912 343 1054 399 igitur
1089 342 1275 385 videtur
1309 342 1397 384 hoc
1433 340 1591 383 modo:
1631 340 1773 396 siquis
1810 340 1890 382 diu

154 417 350 470 ¹vinctus
382 416 487 467 fuit,
515 416 697 459 etiamsi
724 420 886 472 postea
911 414 1090 458 solutus
1115 414 1190 464 sit,
1220 413 1280 456 ob
1306 413 1575 455 diuturnam
1602 411 1890 454 vinculorum

165 487 546 533 consuetudinem
580 487 780 537 titubat;
817 486 979 529 eodem
1015 485 1153 528 modo
1189 485 1332 541 siquis
1366 498 1609 540 nunquam
1642 483 1728 525 nisi
1766 497 1889 525 com-

163 564 376 604 mentata
393 560 600 602 oratione
621 559 802 601 locutus
821 561 905 608 est,
923 557 1105 600 etiamsi
1120 557 1275 599 subito
1292 560 1506 612 oporteat
1522 555 1683 605 dicere,
1701 559 1892 610 propter

164 631 435 681 diuturnam
484 629 888 673 commentationis
938 628 1320 671 consuetudinem
1370 631 1492 670 recte
1542 627 1706 682 dicit.1)
1762 627 1890 683 Quae

163 703 464 761 comparatio,
501 715 787 758 quamquam
820 700 946 744 haud
978 700 1129 742 nitida
1163 699 1362 749 videtur,
1398 703 1556 741 tamen
1591 698 1718 740 nullo
1751 698 1890 741 modo

162 774 324 831 inepta
369 774 458 816 dici
505 777 673 830 potest.
725 774 864 815 Porro
911 772 1134 814 memoria
1179 771 1372 826 dignum
1417 774 1502 820 est,
1553 769 1891 826 Quintilianum

169 846 300 902 (Inst.
337 845 465 888 Orat.
501 845 587 895 XI,
623 857 662 894 2,
697 845 754 899 46
786 845 904 900 sqq.)
940 843 1103 886 eadem
1137 843 1228 884 fere
1262 842 1479 898 praebere
1512 855 1566 884 ac
1597 841 1751 883 locum
1786 841 1890 883 Plu-

163 917 418 964 tarcheum.
474 916 726 966 „Memoria
752 920 910 958 autem
938 915 1080 958 facit”
1108 914 1260 970 inquit
1290 914 1463 964 „etiam
1490 913 1694 969 prompti
1720 913 1891 968 ingenii

165 988 354 1043 famam,
383 992 436 1031 ut
466 988 559 1038 illa,
597 1002 706 1044 quae
737 987 943 1036 dicimus,
977 1001 1066 1029 non
1098 986 1224 1028 domo
1256 985 1454 1027 attulisse
1486 985 1560 1026 sed
1590 984 1655 1026 ibi
1685 983 1891 1040 protinus

165 1059 409 1116 sumpsisse
456 1059 685 1102 videamur
861 1059 1026 1114 Itaque
1073 1058 1116 1099 in
1168 1057 1428 1110 actionibus
1475 1056 1597 1098 inter
1643 1055 1891 1112 praecipua

164 1131 444 1174 servandum
483 1135 567 1180 est,
610 1135 658 1173 ut
699 1130 914 1186 quaedam
953 1129 1099 1179 etiam,
1144 1143 1254 1185 quae
1279 1128 1455 1184 'optime
1495 1127 1736 1177 vinximus,
1778 1127 1894 1169 velut

165 1202 307 1246 soluta
345 1202 627 1245 enuntiemus
665 1206 712 1244 et
752 1201 1064 1257 cogitantibus
1103 1213 1439 1256 nonnunquam
1478 1203 1526 1241 et
1565 1198 1891 1241 dubitantibus

147 1274 334 1335 ,similes
353 1287 569 1330 quaerere
591 1273 845 1323 videamur,
868 1286 984 1329 quae
1006 1272 1250 1314 attulimus
1274 1307 1282 1314 .
1307 1306 1314 1314 .
1340 1306 1348 1314 .
1371 1271 1417 1313 Si
1438 1284 1546 1313 vero
1568 1274 1649 1312 aut
1670 1270 1892 1313 memoria

164 1349 334 1399 natura
368 1345 526 1388 durior
558 1345 659 1395 erit,
697 1349 778 1387 aut
813 1359 906 1391 non
941 1343 1275 1402 suffragabitur
1307 1347 1513 1398 tempus:
1550 1342 1693 1384 etiam
1727 1342 1891 1387 inutile

164 1417 250 1460 erit
273 1417 334 1460 ad
356 1417 512 1460 omnia
533 1417 675 1459 verba
696 1430 742 1458 se
765 1413 964 1471 alligare,
988 1429 1094 1458 cum
1116 1410 1287 1457 oblivio
1309 1414 1444 1456 unius
1466 1427 1626 1456 eorum
1647 1413 1891 1456 cuiuslibet

165 1492 247 1531 aut
264 1487 518 1531 deformem
534 1487 890 1530 haesitationem
906 1491 988 1529 aut
1005 1487 1149 1529 etiam
1165 1486 1400 1528 silentium
1415 1485 1629 1535 inducat;
1648 1485 1890 1540 tutiusque

163 1559 314 1602 multo
353 1559 692 1615 comprehensis
732 1559 886 1601 animo
926 1558 1061 1600 rebus
1102 1558 1212 1613 ipsis
1252 1557 1492 1599 libertatem
1531 1556 1618 1598 sibi
1658 1556 1894 1612 eloquendi

164 1630 410 1687 relinquere
435 1665 443 1672 .
468 1665 475 1672 .
500 1665 508 1672 .
542 1630 629 1673 Sed
658 1644 712 1672 ne
742 1630 818 1672 hoc
852 1629 1027 1686 quidem
1057 1629 1269 1683 infirmae
1298 1628 1533 1671 memoriae
1562 1627 1804 1670 remedium
1831 1632 1894 1670 est

165 1701 260 1745 nisi
287 1701 338 1744 in
366 1701 440 1751 iis,
475 1701 552 1757 qui
580 1701 668 1743 sibi
694 1702 947 1755 facultatem
976 1701 1178 1756 aliquam
1206 1699 1383 1742 dicendi
1411 1714 1462 1742 ex
1491 1703 1679 1755 tempore
1707 1703 1891 1755 parave-

148 1773 317 1817 .runt.”
342 1773 443 1815 Hoc
464 1773 736 1828 Quintiliani
755 1773 855 1815 loco
876 1776 1020 1828 patet,
1044 1772 1156 1827 quid
1175 1772 1234 1813 sit
1253 1771 1368 1814 illud
1387 1775 1615 1830 φάρμακον
1639 1770 1890 1813 Plutarchi.

168 1845 253 1887 Est
287 1844 409 1886 enim
444 1844 656 1897 infirmae
689 1843 923 1886 memoriae
957 1843 1211 1886 remedium.
1248 1843 1353 1886 Veri
1388 1843 1533 1885 simile
1568 1841 1754 1884 videtur
1778 1842 1892 1885 illud

171 1918 265 1973 ,,ὡς
312 1918 356 1962 ἐν
403 1919 638 1975 φαρμάκου
669 1917 846 1975 μοίρᾳ”’
872 1915 1145 1971 profluxisse
1183 1928 1240 1956 ex
1277 1915 1477 1970 epitome
1517 1913 1734 1970 quadam,
1775 1927 1892 1970 quae

151 1987 496 2044 -quoquomodo
523 1992 791 2043 congrueret
821 2001 927 2029 cum
957 1986 1231 2043 Quintiliani
1258 1986 1371 2028 loco.

227 2058 278 2102 P.
338 2059 411 2115 7b.
471 2059 613 2101 verba
653 2073 696 2115 q.
737 2073 772 2101 S.
811 2061 1028 2118 βούλομαι
1059 2060 1185 2112 δ’ἔως
1223 2061 1288 2104 ἔτι
1318 2060 1540 2117 μέμνημαι
1557 2063 1635 2115 τῆς
1674 2060 1892 2114 παιδείας,

147 2132 231 2184 ,ὡς
257 2132 366 2190 ’ἔχω
409 2132 540 2188 δόξης
575 2133 677 2189 περὶ
722 2132 857 2189 αὐτῆς
903 2132 1057 2186 εἰπεῖν,
1096 2133 1164 2175 ὅτι
1200 2149 1243 2175 κ.
1287 2150 1327 2175 τ.
1366 2138 1407 2174 λ.
1457 2129 1772 2184 Wyttenbach
1829 2129 1892 2171 sic

150 2205 374 2244 -vertensz
409 2204 505 2252 „Ac
536 2202 648 2244 dum
679 2202 830 2244 adhuc
860 2202 1167 2244 institutionis
1197 2201 1399 2256 memini,
1434 2200 1538 2243 volo
1569 2213 1721 2242 meam
1752 2199 1807 2242 de
1838 2214 1892 2243 ea

169 2272 448 2315 sententiam
469 2273 744 2329 exponere”,
778 2273 938 2329 frigide
977 2273 1110 2329 plane
1147 2277 1206 2328 et*
1230 2272 1466 2328 pueriliter
1501 2271 1736 2327 praemitti
1773 2271 1892 2329 hanc

150 2343 415 2402 'formulam
450 2344 703 2394 contendit,
743 2345 1013 2400 praesertim
1050 2358 1157 2387 cum
1194 2344 1307 2386 haec
1331 2344 1491 2386 'verba
1528 2343 1681 2398 posita
1717 2342 1808 2384 sint
1845 2343 1892 2384 in

169 2411 262 2471 fine
284 2415 381 2458 eius
404 2415 583 2471 capitis,
609 2416 734 2471 quod
757 2416 812 2458 de
836 2416 1129 2458 institutione
1154 2416 1263 2471 agit.
1291 2415 1489 2457 Omnino
1514 2418 1639 2456 recta
1661 2418 1707 2454 et
1747 2414 1892 2469 proba

169 2490 293 2537 sunt,
314 2486 351 2529 si
370 2486 715 2543 interpungitur
735 2491 782 2528 et
805 2487 1004 2529 vertitur
1023 2491 1076 2530 ut
1099 2487 1410 2542 Heusingerus
1426 2485 1551 2535 facit,
1572 2485 1650 2541 qui
1667 2489 1776 2527 ante
1794 2495 1891 2527 ver-

170 2556 281 2600 bum
301 2572 345 2614 q.
367 2571 405 2600 e.
426 2559 564 2604 εἰπεῖν
584 2559 714 2614 ponit
732 2558 959 2614 virgulam
983 2563 1030 2600 et
1058 2559 1121 2600 sic
1150 2558 1311 2600 vertit:
1345 2558 1590 2609 „Ceterum
1617 2556 1743 2606 dum,
1774 2571 1891 2612 quae

171 2628 230 2671 sit
270 2619 394 2671 mea.
412 2629 468 2671 de
495 2630 788 2672 institutione
818 2630 1063 2679 sententia,
1094 2630 1306 2678 edissero,
1337 2629 1451 2671 illud
1482 2628 1649 2670 adiicio
1677 2642 1715 2671 e.
1747 2643 1790 2684 q.
1822 2629 1889 2671 s.''

232 2699 287 2741 In
325 2700 418 2741 fine
459 2714 558 2756 cap.
605 2701 690 2751 XI,
735 2716 779 2757 p.
825 2701 872 2743 8f
913 2701 1126 2756 legimus:
1180 2702 1258 2747 καὶ
1304 2705 1447 2746 ταῦτα
1481 2702 1556 2759 μὲν
1588 2702 1641 2759 δὴ
1674 2703 1736 2759 τῷ
1771 2704 1892 2759 λόγῳ

217 2826 249 2865 1)
298 2827 398 2865 Quod
419 2827 463 2857 ad
481 2827 778 2865 significationem
797 2828 894 2858 verbi
915 2837 946 2866 q.
967 2837 996 2858 e.
1016 2822 1199 2868 σφίγγειν
1217 2827 1262 2858 cf.
1286 2827 1395 2858 PLUT.
1416 2827 1502 2858 Mor.
1522 2836 1555 2866 p.
1578 2836 1700 2864 1011e;
1721 2827 1893 2857 DEMETR.

145 2917 148 2921 .
169 2879 223 2910 De
249 2881 333 2910 eloe.
357 2879 373 2917 ξ
397 2889 478 2918 244;
502 2881 613 2912 D1on.
638 2881 730 2912 Hm..
755 2882 797 2912 de
821 2882 853 2911 vi
880 2882 979 2911 Dem.
1006 2891 1045 2915 ιο
1070 2882 1199 2919 (1010).

214 2950 249 2981 S.
1828 2950 1848 2979 6
