2228 3366
67 34 70 35 ⁷
93 28 181 59 «affl.

119 63 122 67 .
144 62 147 69 .

999 216 1053 260 27

167 339 429 397 Chrysippi,
456 339 536 395 qui
560 338 675 381 data
699 350 839 393 opera
864 337 920 379 de
947 349 1194 392 puerorum
1218 333 1493 377 educatione
1519 336 1689 387 ageret,
1716 331 1893 386 reliqua

167 415 418 468 praecepta
434 411 475 453 ei
494 409 809 466 conquirenda
827 412 960 451 erant
979 421 1003 449 e
1022 407 1184 449 ceteris
1204 404 1448 461 Chrysippi
1467 403 1664 459 scriptis,
1684 403 1894 445 ubicum—

167 497 257 541 que
288 482 467 539 aliquid
496 481 771 538 reperiebat,
805 479 932 536 quod
964 479 1053 521 sibi
1084 478 1144 522 ad
1175 477 1466 533 propositum
1496 475 1610 518 utile
1642 475 1892 518 videretur.

168 553 303 596 Hanc
328 564 466 608 porro
489 551 740 607 epitomen,
767 552 840 594 cui
866 551 1060 593 fortasse
1086 553 1251 591 auctor
1274 562 1380 590 suas
1405 547 1660 589 sententias
1684 545 1892 595 inseruit,

169 623 448 667 Plutarchus
486 622 734 678 excerpsit,
776 622 850 664 hic
891 621 982 663 illic
1022 635 1106 663 sua
1146 619 1343 668 addidit,
1385 623 1438 661 ut
1479 622 1656 674 postea,
1699 617 1894 660 aliorum

168 708 355 752 quoque
382 695 661 750 scriptorum
689 693 873 749 placitis
900 692 1185 748 conquisitis,
1215 690 1371 733 omnia
1397 690 1510 732 haec
1538 693 1811 731 retractaret
1841 702 1892 730 ac

168 780 254 810 suo
287 766 474 821 ingenio
506 765 750 807 imbueret.
788 764 924 820 Quod
958 768 1118 806 utrum
1151 776 1198 804 re
1234 776 1344 804 vera
1378 761 1535 804 fecerit
1570 774 1729 810 necne,
1766 759 1894 802 haud

167 838 413 882 diiudicari
443 842 622 893 potest;
653 837 702 879 id
732 850 842 879 vero
872 836 986 878 mihi
1017 835 1221 891 persuasi
1251 838 1297 876 et
1328 834 1646 877 demonstrare
1676 831 1893 880 conabor,

169 909 392 959 libellum,
422 909 479 951 de
508 923 601 964 quo
629 908 823 963 agimus,
855 908 994 950 fuisse
1023 920 1081 948 ex
1109 906 1337 962 epitomis,
1371 919 1486 961 quas
1515 904 1601 946 sibi
1619 903 1895 946 Plutarchus

169 981 429 1036 collegerat.

229 1052 319 1096 Sed
342 1056 634 1094 revertamur
657 1051 780 1094 unde
806 1050 1032 1106 progressi
1056 1062 1228 1092 sumus.
1256 1049 1390 1097 Unde
1417 1047 1730 1104 Quintilianus
1755 1046 1897 1102 Chry-

169 1124 292 1180 sippi
318 1123 488 1166 librum
515 1123 801 1178 cognoverit,
830 1127 989 1165 utrum
1016 1122 1170 1177 ipsum
1195 1121 1355 1176 legerit
1383 1134 1441 1162 an
1468 1133 1526 1161 ex
1552 1119 1759 1175 epitoma
1784 1132 1898 1173 qua—

169 1195 297 1246 dam,
334 1208 454 1251 quae
488 1199 602 1237 tunc
637 1194 860 1250 temporis
896 1193 1154 1249 complures
1190 1192 1328 1234 fuisse
1364 1191 1635 1246 videntur,¹)
1674 1190 1895 1238 hauserit,

168 1267 535 1323 haudquaquam
587 1266 678 1309 dici
732 1270 901 1322 potest,
954 1279 1036 1320 pro
1072 1269 1199 1307 certo
1235 1278 1345 1306 vero
1379 1263 1648 1306 habendum
1683 1267 1753 1304 est
1790 1275 1897 1303 eum

120 1358 124 1363 ·
168 1338 333 1382 melius
362 1338 625 1394 philosophi
655 1338 930 1394 opusculum
960 1337 1228 1392 cognovisse
1258 1334 1747 1392 quam'Plutarchum.
1780 1334 1898 1375 Nus—

170 1424 313 1467 quam
354 1410 429 1452 hic
468 1410 753 1452 mentionem
796 1409 907 1452 facil.
950 1422 1197 1465 puerorum
1237 1407 1459 1473 aetatis‚2)
1504 1406 1629 1462 quod
1668 1406 1703 1448 si
1748 1405 1897 1447 facere

170 1481 414 1538 potuisset,
443 1486 566 1524 certe
591 1495 683 1524 non
712 1481 998 1536 omisisset.3)
1030 1481 1098 1522 De
1124 1479 1360 1522 nutricum
1386 1478 1552 1521 officiis
1589 1477 1676 1519 nisi
1695 1490 1899 1519 summa-

168 1553 257 1596 tim
298 1567 393 1596 non
446 1553 674 1609 loquitur:
721 1553 1005 1608 Chrysippus
1048 1565 1156 1594 vero
1200 1551 1462 1594 accuratius
1503 1550 1567 1592 eis
1612 1548 1898 1605 praecepisse

173 1624 362 1668 videtur
405 1624 462 1667 de
506 1625 782 1668 educatione
828 1624 1083 1667 cotidiana:
1133 1623 1367 1679 quomodo
1413 1635 1606 1677 corpora
1651 1634 1899 1676 puerorum

173 1696 432 1739 exercenda
461 1700 630 1745 essent,
661 1700 715 1738 ut
746 1709 886 1751 supra
914 1696 1008 1738 iam
1038 1695 1150 1744 dixi,
1183 1694 1308 1750 quod
1338 1707 1520 1736 carmen
1553 1693 1607 1734 iis
1638 1692 1899 1734 canendum

173 1771 294 1810 esset
329 1767 390 1810 ad
422 1767 625 1810 infantes
660 1767 958 1823 sopiendosxl)
998 1766 1311 1822 Quintilianus
1346 1766 1458 1807 haec
1494 1764 1650 1806 omnia
1683 1763 1843 1806 tradit.

234 1839 303 1881 De
346 1843 475 1881 recto
517 1838 754 1881 nutricum
799 1852 852 1881 ac
899 1838 1130 1880 sodalium
1174 1850 1382 1879 sermone
1430 1836 1707 1878 Plutarchus
1752 1849 1900 1891 pauca

173 1909 313 1954 modo
343 1910 508 1966 dicit,⁵)
543 1910 690 1952 fusius
721 1910 817 1965 agit
850 1909 1178 1966 Quintilianus.
1213 1909 1334 1951 Nam
1366 1912 1471 1964 post
1502 1921 1572 1957 ea,
1609 1921 1727 1963 quae
1759 1921 1900 1962 supra

222 2007 253 2044 1)
302 2006 355 2037 Cf.
382 2008 434 2038 ΑΒ
463 2015 584 2037 ARMM
609 2016 641 2036 o.
668 2007 689 2036 1.
716 2007 827 2044 praef.
854 2016 887 2044 p.
917 2006 961 2036 X.

219 2061 252 2097 2)
303 2060 402 2090 Haec
427 2060 535 2090 modo
549 2060 593 2090 de
608 2061 789 2090 aetatibus
819 2060 1015 2097 dicit:cap.
1036 2066 1065 2095 7:
1093 2051 1248 2089 έπειδοὶν
1280 2055 1406 2089 τοίνυν
1433 2051 1588 2100 ἡλικίαν
1617 2052 1796 2095 λάβωσιν
1827 2051 1899 2087 ὑπὸ

171 2107 378 2156 mathyae>
389 2112 440 2149 οῖς
468 2110 686 2157 τέταχΞάι,
719 2121 754 2145 κ.
777 2119 815 2147 τ.
832 2111 885 2150 A..
911 2123 987 2151 cap.
1022 2114 1073 2142 16:
1099 2107 1160 2143 ἐπὶ
1189 2105 1260 2154 τὴν
1288 2110 1363 2143 τῶν
1392 2108 1597 2155 μειρακίων
1631 2108 1789 2154 ἡλικίαν
1820 2104 1896 2153 ἤδη

171 2160 461 2212 μεταβήσομαι.

221 2221 252 2259 3)
305 2221 600 2259 Philosophorum
622 2230 696 2251 esse
720 2221 762 2251 de
787 2221 968 2250 aetatibus
992 2221 1194 2258 praecipere
1233 2222 1382 2258 apparet
1413 2229 1432 2249 e
1469 2220 1610 2249 SonAm
1650 2219 1767 2249 verbis
1806 2213 1901 2262 (περὶ

174 2270 407 2317 γυναικείων
436 2265 579 2306 παθῶν
610 2284 686 2312 cap.
708 2274 878 2311 XLVIII)
893 2285 898 2304 :
918 2267 987 2311 ,,τό
1003 2264 1045 2305 δὲ
1062 2269 1191 2305 πόσων
1207 2269 1302 2304 ἑτῶν
1317 2267 1409 2304 αὐτὸ
1426 2267 1634 2315 γενόμενον
1651 2267 1899 2315 παιδαγωγῷ

173 2322 462 2373 tapetam-som...
486 2323 528 2359 οὐ
554 2321 645 2359 κατ’
671 2323 841 2373 ἰατρικοῖς
869 2323 973 2358 ἐστιν
1003 2318 1223 2370 ὑποθήκας,
1245 2323 1559 2372 φιλοσοφωτέραν
1577 2315 1618 2357 δὲ
1635 2318 1706 2367 τὴν
1722 2317 1900 2366 διάταξιν

174 2374 397 2426 ἕσχηκεν.”
422 2383 476 2413 Cf.
507 2383 648 2420 Dyroff,
678 2391 710 2420 p.
730 2384 806 2412 288:
827 2383 901 2418 „Es
917 2383 1012 2412 kann
1028 2385 1208 2412 vermutet
1223 2382 1374 2417 werden,
1391 2381 1473 2410 dass
1489 2381 1706 2418 Chrysippos
1721 2381 1820 2410 nicht
1835 2389 1903 2409 nur

175 2437 233 2468 fiir
248 2436 304 2466 die
319 2437 469 2466 Ammen
493 2436 602 2474 Jahre
627 2437 823 2472 festsetzte,
850 2435 1002 2465 sondern
1026 2436 1231 2473 iiberhaupt
1256 2436 1313 2466 fiir
1337 2435 1404 2465 den
1432 2435 1745 2471 Erziehungsgang
1771 2434 1901 2463 Zahlen

176 2490 255 2528 gab.
295 2490 343 2520 Er
378 2489 498 2520 diirfte
537 2490 612 2519 sich
649 2489 752 2519 dabei
789 2498 832 2519 an
865 2489 920 2519 die
954 2498 1023 2519 von
1046 2489 1214 2519 DIchtern
1238 2489 1310 2519 und
1332 2488 1546 2518 Medizinern
1567 2487 1808 2525 ausgebildete
1829 2487 1901 2516 und

177 2543 268 2574 auch
288 2552 358 2573 von
374 2544 584 2573 Aristoteles
603 2543 676 2572 und
695 2543 813 2572 Zenon
832 2551 1110 2579 angenommene
1131 2542 1529 2572 Hebdomadentheorie
1556 2542 1721 2579 gehalten
1747 2541 1902 2570 habe11.''

178 2597 212 2627 Si
249 2597 299 2626 sic
335 2606 370 2626 se
395 2605 450 2626 res
475 2597 595 2631 habet,
624 2605 741 2626 nonne
765 2597 908 2626 videtur
930 2600 1010 2633 post
1034 2605 1075 2626 ca
1098 2605 1188 2633 quae
1211 2596 1254 2626 <le
1277 2596 1464 2633 Chrysippi
1488 2596 1606 2625 libello
1629 2595 1796 2630 diximus,
1821 2603 1901 2624 eum

177 2649 220 2679 de
243 2650 358 2687 prima
378 2644 562 2680 ἐπταετία
586 2650 697 2687 egisse
728 2650 764 2679 in
796 2650 887 2679 libro
918 2645 1002 2693 περὶ
1028 2641 1295 2694 παιδοτροφίας
1311 2637 1332 2679 ⁶?

223 2704 256 2740 4)
306 2703 440 2740 Qumr.
462 2704 490 2740 1,
513 2712 564 2740 10,
586 2712 637 2740 32.

224 2757 256 2794 5)
306 2765 383 2794 cap.
410 2764 427 2793 5
459 2766 492 2794 p.
510 2766 561 2794 3e:
589 2754 736 2800 πρῶτον
765 2752 836 2799 μὲν
851 2754 932 2791 τοῖς
948 2747 1088 2799 ἤθεσιν
1109 2757 1278 2794 (nutrices
1292 2765 1399 2794 quam
1414 2757 1569 2794 optimas
1583 2757 1708 2793 eligere
1731 2756 1899 2792 oportet).

177 2803 254 2850 (ἔτι
282 2803 335 2851 δ’)
364 2803 639 2853 ’Έλληνιδαςς
670 2804 822 2852 (παιδία
853 2804 1042 2853 σύντροφα
1072 2802 1260 2853 ζητητέον
1290 2806 1490 2854 πρώτιστα
1519 2799 1589 2854 μὲν
1607 2803 1794 2840 σπουδαῖα
1812 2802 1901 2842 τοὺς

177 2856 370 2908 τρόπους),
398 2857 455 2894 ἔτι
483 2860 613 2907 μέντοι
642 2858 862 2907 Ἑλληνικαὶ
895 2860 959 2894 καὶ
988 2860 1196 2908 περίτρανα
1225 2861 1376 2896 λαλεῖν.
