2280 3366
156 488 534 533 PROOEMIUM
600 523 1644 533 ...............
1704 523 1719 548 .-

154 571 356 619 CAPUT
386 572 421 616 Ι.
485 568 554 615 De
584 573 740 626 libelli,
785 573 858 615 cui
894 571 1058 615 titulus
1090 573 1188 630 περὶ
1220 573 1389 619 παίδων
1423 575 1604 632 ἀγωγῆς
1633 572 1724 615 dis-

212 644 468 687 tributione
508 649 555 687 et
595 648 869 700 argumento
968 678 1718 687 ...........

154 725 354 771 CAPUT
386 728 448 771 11.
487 729 556 770 De
581 727 823 784 Chrysippi
849 730 947 786 περὶ
973 730 1290 786 παιδοτροφίας
1319 727 1436 769 libro
1457 727 1722 770 Plutarchei

213 799 354 842 libelli
386 799 515 842 fonte
595 832 1717 843 ................

300 870 321 927 ξ
360 883 399 914 1.
444 871 532 926 Qui
563 870 620 913 de
652 870 861 914 fontibus
894 869 1034 912 libelli
1069 870 1393 926 inquisiverint

301 941 400 998 §-2.
442 941 751 998 Chrysippum
795 941 1028 997 scripsisse
1064 941 1234 983 librum
1269 943 1366 1001 περὶ
1397 945 1718 1002 παιδοτροφίας

300 1012 320 1069 ξ
355 1025 398 1067 3
441 1013 510 1055 De
539 1013 785 1069 Chrysippi
810 1015 906 1072 περὶ
936 1015 1252 1072 παιδοτροφίας
1271 1012 1414 1056 libelli
1432 1014 1558 1069 apud
1577 1014 1722 1069 Quin-

497 1084 714 1127 tilianum
747 1085 1017 1127 testimonio
1060 1119 1069 1128 .
1133 1119 1142 1128 .
1341 1120 1720 1129 ......

302 1155 322 1212 §
357 1168 398 1211 4.
442 1156 571 1212 Quae
608 1161 655 1198 et
692 1156 969 1199 Plutarchus
1004 1160 1051 1198 et
1088 1157 1401 1212 Quintilianus
1435 1170 1459 1198 e
1480 1156 1724 1212 Chrysippi

497 1227 653 1270 libello
685 1227 923 1272 hauserint
967 1262 1718 1272 ...........

299 1298 319 1355 §
349 1307 392 1353 5.
435 1299 562 1355 Quae
612 1303 851 1355 praeterea
893 1299 1019 1355 apud
1067 1284 1370 1343 Plutarchum
1415 1313 1439 1341 e
1475 1299 1722 1356 Chrysippi

497 1370 651 1414 libello
686 1375 876 1426 sumpta
904 1370 998 1413 sint
1041 1405 1717 1415 ..........

299 1441 319 1498 §
354 1441 396 1484 6.
443 1443 511 1485 De
546 1442 789 1499 Chrysippi
826 1444 923 1502 περὶ
954 1444 1271 1502 παιδοτροφίας
1307 1443 1460 1486 libello
1493 1457 1611 1499 quae
1644 1443 1724 1486 ad-

497 1513 649 1556 denda
680 1527 777 1556 esse
815 1514 1065 1557 videantur
1116 1549 1716 1559 .........

149 1607 354 1652 CAPUT
387 1608 475 1652 III.
540 1609 609 1651 De
662 1609 917 1652 nonnullis.
947 1610 1187 1653 Plutarchi
1232 1610 1357 1660 locis,
1400 1610 1480 1666 qui
1515 1609 1721 1652 Stoicam

210 1679 471 1723 doctrinam
506 1681 766 1724 redolentes
789 1695 812 1722 e
839 1681 1083 1737 Chrysippi
1110 1682 1265 1724 libello
1280 1696 1374 1724 non
1396 1681 1718 1737 profluxerunt

154 1761 354 1806 CAPUT
391 1763 470 1806 IV.
533 1764 603 1806 De
633 1764 914 1808 auctoritate
948 1768 995 1806 et
1026 1765 1198 1821 origine
1232 1764 1373 1807 libelli
1411 1799 1718 1808 .....

301 1833 322 1890 ξ
361 1846 400 1877 Ι.
443 1833 513 1877 De
549 1835 604 1877 iis
637 1835 761 1885 viris,
772 1857 781 1863 ν
803 1835 882 1891 qui
911 1835 1117 1878 libellum
1145 1850 1173 1878 a
1210 1836 1459 1879 Plutarcho
1504 1836 1721 1879 abiudica

498 1910 665 1950 verunt
743 1941 1715 1952 ..............

302 1976 322 2033 ξ
361 1989 400 2020 2
443 1977 546 2034 Qua
580 1977 759 2021 ratione
795 1978 1182 2021 considerandum
1213 1979 1273 2022 sit
1309 1979 1366 2021 de
1396 1979 1552 2022 libello
1633 2014 1642 2023 .

298 2048 319 2104 ξ
353 2060 394 2102 3.
435 2049 504 2091 De
566 2048 916 2124 Wyttenbachii
967 2050 1251 2105 argumentis
1301 2051 1634 2115 attinentibus
1659 2051 1719 2093 ad

495 2121 740 2163 materiam
815 2156 1714 2166 .............

297 2191 317 2247 §
349 2202 391 2244 4.
432 2193 502 2234 De
544 2192 842 2247 argumentis,
889 2193 1057 2249 quibus
1089 2193 1215 2249 quod
1247 2193 1308 2236 ad
1332 2194 1578 2237 materiam
1615 2207 1720 2250 pro-

495 2263 636 2306 batur
672 2263 878 2308 libellum
917 2264 1153 2308 Plutarchi
1189 2279 1332 2309 manu
1364 2266 1591 2321 scriptum
1622 2279 1720 2307 esse

495 2348 626 2390 posse
668 2370 1714 2381 ...............

302 2405 322 2461 §
356 2415 398 2460 5.
424 2406 510 2448 ‘De
538 2406 885 2463 Wyttenbachii
916 2407 1199 2463 argumentis
1217 2408 1277 2452 ad
1296 2408 1493 2451 formam
1515 2409 1722 2451 attinen-

495 2477 622 2521 tibus
670 2513 1714 2524 ...............

251 2581 254 2585 .
302 2548 322 2604 ξ
354 2548 396 2591 6.
436 2547 507 2591 De
540 2548 907 2605 Wyttenbaehii,
959 2550 1356 2606 Weissmbergeri,
1395 2551 1551 2594 Heinii
1583 2564 1716 2607 argu-

497 2620 666 2664 mentis
699 2621 823 2677 quod
863 2621 924 2665 ad
957 2622 1214 2664 orationem
1250 2671 1256 2675 ¹
1259 2656 1713 2667 .......

297 2689 318 2746 §
355 2702 396 2746 7.
439 2691 506 2734 De
543 2693 840 2748 argumentis,
879 2693 1048 2749 quibus
1086 2693 1212 2749 quod
1247 2693 1308 2736 ad
1330 2695 1589 2737 orationem
1613 2709 1717 2750 pro-

167 2822 182 2829 ⁴.
496 2762 636 2806 batur
669 2763 875 2807 libellum
911 2764 1147 2807 Plutarchi
1186 2779 1328 2808 manu
1363 2779 1460 2808 esse
1492 2766 1718 2822 scripturn

149 2832 459 2877 EPILOGUS
524 2868 1714 2881 .................

1818 812 1869 842 11

1821 883 1871 913 11

1817 955 1870 985 12

1818 1098 1872 1142 19

1818 1240 1874 1283 24

1810 1357 1869 1426 ,38

1813 1528 1868 1571 41

1812 1681 1871 1737 46

1813 1774 1869 1819 55

1812 1917 1867 1962 55

1812 1990 1867 2035 57

1812 2133 1869 2178 59
