2228 3366
955 229 1015 275 59

134 337 254 407 m'us,
284 350 580 408 gaudendum
608 354 769 393 tamen
797 353 882 400 est,
915 353 1196 406 potestatem
1225 348 1358 391 nobis
1386 361 1483 390 esse
1505 347 1679 390 factam
1692 347 1849 402 explo-

127 420 275 474 randi,
307 421 540 480 quomodo
577 426 679 464 orta
714 421 807 464 sint
843 421 1015 477 scripta
1052 419 1310 476 philosophi
1350 419 1738 475 Chaeronensis.1)

184 494 297 550 Age,
329 493 436 536 hinc
468 493 661 550 profecti
695 492 947 542 videamus,
982 490 1095 548 quid
1128 490 1448 533 arbitrandum
1481 490 1540 533 sit
1574 490 1630 532 de
1662 490 1846 533 iudiciis

64 567 65 570 ’
129 565 333 609 virorum
380 564 637 614 doctorum,
686 564 911 620 imprimis
959 562 1307 619 Wyttenbachii
1355 567 1402 604 et
1451 561 1846 617 Weissenbergeri,

129 649 327 695 quorum
345 636 461 679 alter
478 636 565 679 sibi
583 635 785 691 roganti:
809 634 951 691 „Quis
969 634 1110 690 igitur
1127 634 1224 676 eius
1242 637 1311 675 est
1331 633 1556 689 scriptor''
1578 633 1847 689 respondet:

131 708 346 760 „Nesci02
391 708 691 750 Plutarchum
730 720 824 751 non
863 719 959 753 esse
1000 705 1184 760 scio;'-’2)
1229 705 1346 748 alter
1385 704 1847 760 disputatiunculam,

129 792 272 836 quarn
297 779 439 822 habet
466 778 522 821 de
549 778 715 828 libello,
744 778 814 820 his
842 777 993 820 verbis
1020 776 1273 819 concludit:
1306 776 1421 826 „mit
1452 776 1850 831 Plutarchjedoch

129 850 215 894 hat
230 850 295 893 sie
317 849 454 906 (diese
475 849 661 903 Schrift)
683 850 836 892 nichts
854 848 1113 904 gemein.'’³)
1138 848 1311 890 Eorum
1331 848 1614 902 argumentis
1632 847 1850 889 refutatis

130 920 315 972 addam,
341 935 459 977 quae
482 934 566 977 ego
588 921 637 963 in
661 921 865 963 medium
890 919 1163 976 proferenda
1187 923 1302 974 puto
1327 918 1387 961 ad
1411 919 1674 974 opinionem
1698 932 1850 961 meam

131 991 486 1036 defendendam.

193 1137 215 1190 §
244 1148 287 1190 3.
349 1135 416 1178 De
458 1135 778 1191 Wyttenbachii
815 1134 1085 1191 argumentis
1124 1133 1410 1176 attinentibus
1450 1134 1508 1176 ad
1545 1132 1790 1177 materiam.

190 1278 380 1322 Librum
417 1278 475 1321 de
511 1278 785 1322 educatione
824 1278 1024 1334 primum
1061 1291 1120 1319 ex
1158 1277 1372 1321 omnibus
1413 1276 1698 1319 Plutarcheis
1725 1276 1854 1318 libris

131 1349 219 1396 sibi
241 1350 290 1394 in
314 1363 480 1394 manus
502 1349 716 1393 incidisse
742 1350 1094 1393 WYTTENBACH
1118 1349 1330 1404 narrat,⁴¹)
1358 1348 1622 1404 nequedum
1648 1361 1694 1390 se
1720 1347 1854 1390 dubi-

130 1424 232 1466 tare
298 1421 356 1464 de
418 1422 696 1465 auctoritate
761 1421 1010 1471 Plutarchi,
1080 1420 1160 1465 sed
1230 1420 1443 1463 assentiri
1508 1421 1850 1471 HEUSINGERO,

131 1492 262 1536 cuius
295 1492 546 1544 editionem
582 1493 849 1543 evolvisset,
887 1491 1186 1536 contendenti
1220 1491 1425 1534 libellum
1461 1492 1556 1534 sine
1592 1492 1735 1534 dubio
1757 1506 1854 1534 esse

133 1563 473 1608 Plutarcheum.
526 1565 693 1607 Postea
742 1578 864 1614 vero,
915 1578 1021 1608 curn
1070 1564 1252 1620 saepius
1303 1563 1605 1606 Plutarchum
1653 1563 1851 1618 legisset,

131 1635 367 1687 bevemt’ss
408 1640 461 1678 ut
501 1636 644 1692 ipsius
685 1637 826 1679 verba
867 1636 1076 1685 afferam,
1122 1639 1204 1685 ‚u,t
1246 1635 1428 1691 quoties
1468 1634 1529 1677 ab
1568 1634 1668 1677 aliis
1707 1635 1855 1690 iisque

133 1707 360 1763 germanis
380 1707 615 1751 Plutarchi
634 1708 760 1750 libris
780 1708 839 1751 ad
857 1708 1000 1750 istum
1020 1708 1088 1749 De
1108 1706 1397 1750 Educatione
1417 1706 1692 1756 accederem,
1714 1706 1855 1749 toties

129 1778 247 1821 mihi
276 1779 430 1821 nescio
460 1779 573 1835 quid
603 1793 778 1822 novum
810 1793 863 1822 ac
894 1779 1183 1834 peregrinum
1214 1778 1275 1820 ab
1303 1777 1382 1820 illa
1416 1777 1691 1820 Plutarchea
1722 1778 1856 1834 copia

133 1853 181 1892 et
208 1850 438 1905 gravitate
466 1850 700 1893 diversum
726 1850 827 1893 leve
853 1855 900 1892 et
928 1850 1078 1900 inane,
1110 1849 1171 1892 ad
1198 1849 1406 1891 animum
1434 1862 1710 1905 sensumque
1739 1850 1855 1892 acci-

97 1946 101 1950 ·
132 1920 310 1977 deretlf
343 1921 494 1978 Quam
523 1935 620 1964 rem
648 1936 706 1964 ne
736 1923 967 1972 miremur,
1000 1922 1170 1977 quippe
1201 1921 1370 1977 quibus
1399 1921 1664 1976 apparuerit
1695 1934 1856 1964 revera

133 1996 352 2037 naturam
368 1993 509 2036 libelli
527 2007 710 2050 prorsus
728 2007 824 2036 esse
843 1994 982 2037 aliam
1000 2007 1053 2036 ac
1072 1993 1374 2049 plurimorum
1394 1992 1628 2035 Plutarchi
1648 2006 1853 2049 operum.

136 2064 207 2108 Ne
239 2068 398 2109 tamen
433 2065 481 2107 in
515 2065 809 2121 explananda
837 2065 1026 2119 <diversa
1060 2065 1164 2107 libri
1199 2068 1368 2107 natura
1403 2077 1618 2114 erremus,
1657 2065 1718 2107 ob
1752 2079 1856 2108 eam

134 2148 324 2180 causam
347 2150 375 2179 a
399 2136 649 2180 Plutarcho
671 2151 778 2180 eum
802 2136 1135 2186 abiudicantes‚
1161 2135 1209 2178 id
1233 2135 1359 2191 quod
1384 2135 1491 2178 fecit
1517 2136 1853 2191 Wyttenbach:

135 2206 317 2264 „quue
354 2207 581 2263 paulatim
617 2207 1030 2251 animadvertendo
1065 2208 1159 2250 tale
1195 2211 1475 2262 tantumque
1511 2221 1607 2249 esse
1644 2208 1854 2263 cognovi,

135 2282 190 2330 ,ut
217 2278 291 2322 hic
316 2278 495 2322 libellus
521 2280 647 2323 nullo
674 2279 814 2323 modo
840 2294 868 2323 a
897 2279 1158 2329 Plutarcho,
1188 2279 1283 2321 sive
1310 2278 1476 2321 iuvene
1502 2278 1582 2321 illo
1608 2279 1704 2321 sive
1733 2293 1854 2330 sene,

137 2349 273 2393 scribi
302 2352 521 2406 potuerit,
552 2351 631 2395 sed
660 2352 802 2395 alium
831 2351 1042 2408 quemvis
1071 2350 1285 2407 opificem
1313 2349 1481 2392 habere
1511 2349 1734 2393 debuerit.
1767 2351 1857 2394 Sed

136 2525 138 2528 >
186 2507 220 2546 1)
265 2507 536 2546 Quodammodo
565 2516 646 2538 cum
674 2508 775 2544 libro,
807 2507 866 2546 qui
896 2509 947 2538 est
979 2504 1062 2551 περὶ
1093 2501 1236 2538 παίδων
1250 2502 1422 2550 ἀγωγῆς
1434 2506 1712 2545 comparandum
1729 2506 1860 2538 esseli-

139 2559 271 2591 bellum
291 2561 347 2591 cui
369 2562 495 2592 titulus
516 2555 600 2605 περὶ
628 2551 824 2603 εὐθυμίαις
845 2564 992 2599 apparet
1015 2570 1059 2591 ex
1078 2561 1308 2598 inquisitione
1330 2572 1363 2592 v.
1388 2563 1421 2592 cl.
1448 2562 1621 2591 Poumznz
1645 2561 1779 2598 (Herm.
1804 2570 1858 2597 40,

142 2621 239 2651 1905,
267 2622 330 2650 275
355 2615 448 2654 sqq.)
475 2614 562 2651 „der
588 2615 638 2646 als
667 2614 905 2653 Hauptquene
931 2614 986 2643 ein
1003 2615 1262 2653 epikureisches
1283 2610 1498 2658 ὑπόμνημα.
1514 2614 1727 2651 betrachtet,
1744 2615 1781 2643 in
1795 2614 1860 2645 das

140 2665 190 2698 Pl.
214 2675 278 2699 aus
297 2667 417 2699 seinen
441 2667 693 2699 Kollektaneen
719 2668 959 2700 Einzelheiten
980 2668 1235 2707 eingeschoben
1257 2669 1367 2700 habe’'
1396 2666 1722 2705 (Cams'r-Scuum,
1745 2668 1794 2706 ΙΙ,
1813 2659 1861 2706 1⁵,

136 2711 174 2759 ¹1).
205 2721 318 2759 3822).

186 2775 220 2813 2)
267 2784 298 2806 o.
323 2774 344 2804 1.
369 2783 402 2813 p.
426 2776 479 2806 62.

188 2828 220 2866 3)
268 2837 300 2859 o.
325 2828 347 2858 1.
374 2837 407 2866 p.
434 2838 487 2865 44-

186 2882 221 2920 4)
269 2891 300 2912 o.
326 2881 349 2912 l.
376 2890 408 2919 p.
438 2891 490 2919 32.
