2228 3366
1073 619 1271 663 CAPUT
1332 618 1417 662 III.

371 748 450 795 De
469 749 708 795 nonnullis
734 748 982 795 Plutarchi
1010 749 1147 800 loeis,
1177 754 1259 805 qui
1275 749 1489 797 Stoicam
1505 750 1774 805 doctrinam
1796 719 2068 800 redolentes

709 835 738 866 e
771 819 1037 876 Chrysippi
1068 820 1230 883 libello
1261 836 1357 866 non
1387 820 1736 876 profluxerunt.

425 1056 608 1097 Praeter
643 1055 904 1104 sententias,
944 1054 1108 1110 quibus
1143 1055 1388 1109 exponitur
1423 1068 1665 1110 puerorum
1700 1055 1906 1104 nutritio,
1952 1069 2066 1111 quas

365 1127 594 1181 superiore
635 1126 783 1180 capite
825 1139 847 1166 e
892 1125 1130 1180 Chrysippi
1171 1125 1321 1167 libello
1364 1126 1578 1168 oriundas
1618 1139 1712 1167 esse
1754 1125 1948 1175 ostendi,
1990 1125 2067 1169 alii

364 1197 450 1238 loci
486 1197 699 1251 leguntur
733 1197 780 1238 in
816 1196 931 1238 libro
970 1196 1214 1246 Plutarchi,
1254 1197 1332 1252 qui
1367 1210 1390 1237 e
1429 1197 1686 1239 Stoicorum
1722 1195 1931 1239 doctrina.
1965 1209 2067 1252 pro-

365 1267 552 1309 fluxisse
579 1267 836 1309 videantur.
866 1267 1040 1322 Quibus
1066 1266 1121 1308 de
1148 1267 1256 1309 locis
1284 1281 1463 1310 summa
1488 1267 1736 1322 sagacitate
1751 1281 1794 1309 v.
1810 1266 2070 1309 d.DYROFF

364 1338 477 1392 egitg
512 1339 670 1393 itaque
704 1338 830 1379 haud
862 1351 1040 1379 necesse
1075 1337 1258 1379 videtur
1289 1351 1364 1379 eos
1398 1351 1553 1379 omnes
1586 1338 1659 1379 hic
1692 1350 2044 1382 commemorare
2055 1351 2066 1388 ;
2115 1339 2118 1340 ⁷

364 1408 502 1450 modo
518 1408 567 1450 id
580 1408 731 1450 dicam
754 1408 944 1450 doctum
964 1408 1092 1450 illum
1114 1408 1263 1449 virum
1283 1407 1404 1450 locos
1427 1409 1614 1457 Stoicos,
1638 1421 1752 1463 quos
1771 1407 2067 1463 investigavit

364 1480 489 1534 apud
511 1479 821 1528 Plutarchum,
844 1479 1007 1520 referre
1028 1478 1087 1520 ad
1108 1479 1347 1533 Chrysippi
1369 1478 1423 1520 de
1443 1479 1595 1520 liberis
1613 1477 1861 1520 educandis
1879 1477 2066 1528 librum5

364 1564 436 1591 me
457 1563 576 1599 vero,
600 1550 677 1605 qui
698 1550 808 1591 mihi
830 1550 1130 1604 persuaserim
1151 1549 1456 1604 Chrysippum
1475 1549 1701 1604 scripsisse
1720 1549 1816 1607 περὶ
1835 1553 2066 1608 παιδοτρο-

363 1623 481 1678 φίας,
523 1624 574 1662 ut
620 1633 757 1675 supra
798 1620 890 1661 iam
932 1620 1042 1670 dixi,
1091 1620 1301 1662 arbitrari
1332 1625 1481 1662 cetera
1512 1620 1663 1662 Stoica
1692 1633 1748 1661 ex
1778 1619 1875 1662 aliis
1906 1620 2066 1662 Stoicis

363 1691 543 1746 scriptis
572 1691 677 1734 hinc
701 1691 822 1732 illinc
848 1695 1062 1745 congesta
1085 1704 1193 1733 esse.

424 1763 491 1802 De
515 1761 745 1803 nonnullis
770 1762 878 1803 locis
904 1752 1051 1816 pauca
1075 1761 1279 1803 dicturus
1303 1775 1417 1803 sum.

423 1891 683 1945 Complures
735 1890 1006 1946 philosophi,
1060 1905 1164 1932 cum
1201 1891 1291 1940 alii,
1329 1895 1430 1932 tum
1467 1891 1731 1945 praesertim
1769 1891 1920 1940 Stoici,
1958 1891 2063 1933 scri-

364 1965 549 2016 pserunt
562 1961 617 2002 de
629 1961 934 2003 matrimonio.
950 1962 1213 2003 PERSAEUM
1224 1961 1449 2003 traditum
1463 1966 1531 2003 est
1546 1962 1871 2020 scripsissempl
1881 1962 2060 2023 γάμρυῑ)

363 2032 542 2081 librum,
581 2033 678 2090 περὶ
709 2035 913 2090 ὑμεναίου
930 2033 960 2086 2)
1002 2032 1313 2088 ΕᾏΕΑΝΤΗΕΜ,
1361 2032 1674 2074 CHRYSIPPUM
1725 2033 1821 2091 περὶ
1861 2035 2007 2091 γάμου
2028 2033 2059 2087 ³)

362 2103 541 2151 librum,
601 2103 702 2162 περὶ
763 2104 965 2161 γυναικὸς
1012 2106 1294 2162 συμβιώσεως
1340 2107 1385 2143 et
1430 2104 1525 2161 περὶ
1570 2103 1743 2162 γάμου4)
1789 2102 1926 2144 libros
1968 2102 2063 2144 AN-

362 2184 619 2214 TlPATRUM.

420 2243 556 2298 Apud
592 2243 889 2285 Plutarchum
923 2244 1115 2297 vestigia
1147 2244 1457 2293 inveniuntur,
1494 2257 1610 2298 quae
1646 2243 1900 2285 Stoicorum
1934 2255 2061 2298 prae-

362 2319 495 2368 cepta
524 2314 741 2356 indicent.
775 2314 894 2355 Nam
922 2314 1026 2355 licet
1057 2314 1365 2368 congruentia,
1400 2327 1516 2368 quae
1547 2313 1779 2355 Plutarchi
1808 2313 2060 2368 piaeceptis

362 2389 430 2426 est
466 2398 570 2426 cum
606 2384 862 2426 Stoicorum
899 2385 1061 2434 verbis,
1099 2398 1191 2426 non
1227 2398 1305 2440 per
1340 2398 1385 2426 se
1419 2385 1567 2439 ipsam
1602 2383 1882 2426 demonstret
1917 2383 2060 2426 altera

362 2455 598 2496 cohaerere
625 2468 729 2496 cum
755 2454 921 2504 alteris,
949 2459 1102 2496 tamen
1130 2446 1177 2496 in
1205 2455 1369 2504 libello,
1399 2455 1476 2509 qui
1503 2454 1632 2510 quasi
1658 2458 1830 2496 scateat
1859 2453 2060 2508 vestigiis

366 2525 622 2566 Stoicorum
650 2524 907 2567 doctrinam
935 2525 1256 2575 indicantibus,
1288 2525 1343 2567 de
1371 2538 1425 2567 ea
1452 2524 1743 2567 cohaerentia
1771 2524 1850 2566 vix
1877 2523 2060 2566 dubita-

407 2649 436 2685 1)
486 2650 592 2679 D1oo.
614 2650 747 2679 LAERT.
768 2649 847 2685 Vll,
870 2651 922 2685 36,
942 2658 988 2678 AB
1007 2650 1133 2679 ARNIM
1153 2649 1180 2686 Ι,
1200 2650 1299 2686 frgm.
1321 2657 1394 2686 435.

405 2702 436 2738 2)
486 2701 592 2732 D10G.
626 2702 755 2731 LAERT.
786 2702 864 2738 VII,
896 2708 968 2738 174,
997 2711 1042 2731 ΑΒ
1071 2703 1196 2731 ARNIM
1224 2702 1251 2738 1,
1279 2703 1379 2740 frgm.
1408 2702 1482 2738 481.

405 2755 436 2791 3)
487 2754 594 2784 PLUT.
616 2755 657 2784 de
677 2754 780 2784 Stoic.
802 2763 944 2792 repugn.
965 2764 1040 2792 cap.
1062 2764 1080 2791 9
1100 2764 1131 2792 p.
1156 2755 1276 2791 1035b‚
1297 2763 1342 2784 AB
1362 2755 1487 2783 ARNm
1507 2754 1554 2790 11,
1574 2754 1673 2792 frgm.
1697 2763 1747 2791 30.

404 2807 436 2843 4)
486 2807 590 2837 Sron.
612 2807 699 2838 Flor.
722 2815 772 2844 70,
796 2817 851 2844 13;
872 2809 924 2844 67,
945 2816 996 2844 25,
1017 2816 1062 2837 AB
1082 2808 1207 2837 ARNIM
1227 2808 1294 2844 ΙΙΙ,
1314 2817 1346 2846 p.
1368 2815 1442 2843 254,
1462 2807 1599 2844 frgmm.
1621 2808 1673 2844 62,
1693 2808 1746 2843 63.
