2228 3366
0 17 451 25 -ffl-——ffiff-
1217 26 1234 27 ff
1314 26 1318 27 f
1371 25 1672 28 ssffssff
1908 0 2228 62 μῴωῑη

1205 332 1280 373 VI.

451 435 645 491 Thucyd.
683 436 770 491 (ed.
805 437 1164 492 Classen-Steup)
1200 438 1282 485 ΙΙΙ,
1316 436 1382 479 16.

446 510 522 552 καὶ
572 510 846 566 ἠγγέλλοντο
893 510 966 553 καὶ
1013 510 1060 552 αἱ
1091 509 1187 564 περὶ
1218 511 1295 566 τὴν
1332 511 1658 566 Πελοπόννησον
1693 509 1956 567 [τριάκοντα]
1987 516 2087 569 νῆες

391 585 477 623 τῶν
510 577 764 638 Ἀθηναίων
796 582 872 637 τὴν
905 580 1144 637 περιοικίδα
1178 582 1322 624 αὐτῶν
1354 584 1615 637 πορθοῦσαι.
2017 579 2019 581 ’

454 655 556 696 Iure
588 655 802 711 Steupius
830 655 1106 697 vocabulum
1137 655 1266 697 uncis
1296 655 1522 697 inclusum
1553 656 1736 703 delevit.

1194 797 1292 839 VII.

449 904 559 945 Hor.
595 903 741 958 Epod.
775 904 904 952 XIII,
940 914 965 955 3
1007 902 1094 957 (ed.
1130 904 1601 959 Orelli-Hirschfelder)

1155 975 1407 1030 Rapiamus
1437 975 1570 1017 amici

451 1044 746 1086 Occasionem
777 1044 832 1087 de
860 1045 946 1094 die,
979 1042 1182 1100 dumque
1214 1046 1362 1087 virent
1393 1059 1541 1100 genua

454 1116 514 1157 Et
545 1115 691 1165 decet,
726 1115 929 1158 obducta
961 1115 1168 1158 solvatur
1195 1116 1344 1158 fronte
1380 1115 1602 1158 senectus.

448 1186 521 1228 Sic
557 1186 705 1236 codd;
736 1185 997 1241 legendum:
1027 1187 1180 1229 amico.

1177 1330 1303 1373 VIII.

443 1435 500 1476 M
504 1434 612 1476 anil.
631 1434 890 1479 Astronom.
907 1434 968 1483 II,
981 1445 1034 1489 72
1054 1435 1139 1489 (ed.
1153 1436 1201 1488 J.
1215 1450 1252 1476 v.
1270 1435 1582 1490 Wageningen,
1599 1434 1714 1477 Bibl.
1729 1435 1919 1485 Teubn.,
1937 1435 2082 1491 1915).

450 1518 533 1548 nec
568 1519 650 1547 sua
684 1502 929 1559 dispositos
967 1510 1201 1549 servarent
1234 1504 1381 1548 sidera
1414 1519 1583 1548 cursus.

448 1574 612 1618 Codd.:
654 1589 758 1624 sua;
793 1575 1054 1630 legendum:
1085 1576 1162 1618 sic.

1198 1720 1277 1760 IX.

449 1825 552 1869 Tac.
588 1824 722 1873 Ann.‚
761 1823 820 1873 II,
855 1825 896 1868 8.

450 1894 608 1936 Editio
654 1894 924 1937 Halmicma:
981 1894 1147 1936 Classis
1198 1895 1396 1937 Amisiae
1434 1897 1550 1950 (ore)
1582 1896 1739 1938 relicta
1778 1896 1910 1938 laevo
1950 1910 2083 1939 amne
2165 1952 2167 1954 ι

389 1970 683 2020 erratumque
720 1965 767 2006 in
796 1978 862 2017 eo,
893 1965 1016 2020 quod
1043 1978 1134 2009 non
1163 1966 1408 2008 subvenxit
1436 1971 1554 2016 (aut)
1575 1966 1856 2022 transposuit
1874 1966 2079 2019 militem,

389 2036 575 2078 dextras
608 2036 652 2077 in
684 2040 827 2078 terras
853 2036 1040 2078 iturum.

445 2108 591 2148 Immo
640 2106 883 2161 legendum
933 2120 1038 2148 cum
1069 2106 1642 2162 Nipperdeio-Andreseno:
1689 2107 1851 2150 Classis
1885 2106 2082 2150 Amisiae

390 2177 547 2219 relicta
585 2181 716 2220 laevo
745 2191 892 2227 amne,
928 2182 1221 2233 erratumque
1255 2179 1301 2220 in
1330 2192 1397 2228 eo,
1420 2179 1542 2233 quod
1561 2192 1652 2221 non
1672 2179 1886 2221 subvexit
1917 2178 2082 2234 [trans-
2123 2207 2141 2226 .

392 2248 560 2303 posuit]
600 2248 793 2290 militem
827 2247 1014 2290 dextras
1047 2249 1093 2291 in
1125 2253 1268 2291 terras
1299 2249 1485 2291 iturum.

1205 2392 1262 2434 X.

453 2496 577 2550 Verg.
609 2496 718 2540 Aen.
756 2496 815 2551 II,
851 2508 938 2551 274
967 2510 1064 2551 sqq.

564 2590 603 2630 ei
636 2590 764 2640 mihi,
803 2590 950 2645 qualis
982 2595 1094 2639 erat,
1130 2595 1354 2645 quantum
1395 2596 1604 2634 mutatus
1639 2592 1697 2633 ab
1732 2591 1807 2633 illo

565 2660 774 2706 Hectore,
814 2661 892 2715 qui
923 2660 1041 2702 redit
1071 2661 1260 2703 exuvias
1291 2661 1479 2703 indutus
1508 2662 1669 2704 Achilli

564 2730 635 2771 vel
663 2731 877 2772 Danaum
908 2731 1127 2786 Phrygios
1158 2731 1384 2773 iaculatus
1419 2733 1649 2787 puppibus
1677 2733 1815 2787 ignes,

566 2801 851 2856 squalentem
884 2801 1074 2843 barbam
1104 2807 1148 2844 et
1176 2806 1410 2845 concretos
1442 2803 1657 2857 sanguine
1687 2803 1844 2854 crines,

563 2871 842 2926 vulneraque
874 2872 950 2914 illa
979 2884 1151 2925 gerens,
1182 2886 1298 2927 quae
1329 2873 1498 2914 circum
1531 2872 1725 2928 plurima
1750 2885 1904 2916 muros

562 2942 737 2997 accepit
771 2942 969 2997 patrios!
1561 2946 1563 2948 “
