2228 3366
1992 2 2006 10 -’
2035 0 2165 29 ῥῆῑῑγ·

2030 22 2116 42 ‘'n-‘eff
2144 22 2172 34 '''‘

1992 59 1994 62 ,
2064 42 2119 59 ““””»
2197 0 2228 207 1

1955 129 1963 136 .

2223 225 2228 250 Ξ

2225 254 2228 265 1

351 339 411 395 μὴ
460 340 571 395 εἶναι
617 340 740 389 τέλος
772 337 945 394 ἡδονήν)
984 337 1108 391 apud
1143 337 1404 379 STOBAEUM
1427 338 1456 392 l)
1494 338 1605 381 haec
1639 337 1770 381 dicit:
1811 341 1974 389 ,,Ἀλλ’
2010 339 2046 386 εἰ

350 411 475 452 θέλει
505 426 566 460 τις
601 410 929 465 ἐκλογίσασθαι
961 409 1002 452 ἐν
1037 410 1127 466 ὅλῳ
1159 414 1221 466 τῷ
1256 411 1336 467 βίῳ
1369 412 1511 462 πάσας
1544 412 1620 462 τὰς
1653 413 1846 468 ἡλικίας,
1878 413 2052 469 εὑρήσει

347 485 501 536 πολλῷ
531 480 704 530 πλείους
738 481 815 530 τάς
849 480 1115 535 ἀλγηδόνας.
1154 481 1333 536 Πρῶτον
1367 482 1440 537 μὲν
1477 482 1564 537 γὰρ
1593 486 1673 526 τοῦ
1702 484 1864 534 παντὸς
1895 483 2050 540 χρόνου

350 553 372 594 ὁ
419 552 570 606 ἥμισυς
619 551 866 606 ἀδιάφορος,
915 551 956 593 ἑν
1006 552 1040 607 ᾧ
1091 552 1314 598 καθεύδω·
1365 550 1449 595 εἶθ’
1499 554 1522 596 ὁ
1561 556 1729 608 πρῶτος
1764 556 1786 597 ὁ
1818 555 1938 598 κατὰ
1969 555 2050 609 τὴν
2118 543 2120 546 ‚

348 622 661 678 παιδοτροφίαν
710 621 939 672 ἐπίπονος”
986 640 1028 665 κ.
1076 639 1115 665 τ.
1167 628 1205 664 λ.
1258 620 1500 662 Ps-PLATO
1549 621 1754 675 (Axioch.
1786 634 1830 677 p.
1863 622 1948 675 366
1976 622 2046 677 d):

352 692 577 738 ‚,‘O⁷t‹'>›t0w
611 693 657 735 δὲ
691 692 747 742 εἰς
779 692 854 747 τὴν
885 693 1117 736 ἑπταετίαν
1151 693 1365 748 ἀφίκηται
1395 694 1583 744 πολλοὺς
1614 695 1769 745 πόνους
1787 695 2052 751 διαντλῆἀαν

350 758 418 809 (τὸ
430 763 616 818 νήπιον),
636 763 878 818 ἐπέστησαν
896 763 1188 820 παιδαγωγοὶ,
1212 763 1648 820 καὶγραμματισταὶ,
1661 764 1740 808 καὶ
1754 762 2053 824 παιδοτρίβαι,

346 834 677 889 τυραννοῦντες”
715 853 757 878 κ.
791 852 829 877 τ.
867 839 905 875 λ.
942 831 1100 873 PLATO
1137 832 1287 886 (Legg.
1321 833 1426 882 VII,
1462 847 1504 887 p.
1541 845 1626 888 794
1650 833 1705 888 Α)
1726 834 1946 889 praecipit
1962 837 2052 880 ἀπὸ

346 909 533 959 τριετοῦς
568 905 693 960 μέχρι
725 909 808 953 τῶν
843 905 889 955 ἓξ
923 904 1026 947 ἐτῶν
1063 915 1227 957 pueros
1250 916 1302 944 ac
1320 902 1492 958 puellas
1510 903 1596 945 sub
1612 903 1869 946 nutricibus
1886 904 2049 960 degere

349 977 571 1027 oportere,
610 977 712 1014 tum
736 986 844 1014 vero
869 985 1034 1027 pueros
1057 986 1084 1014 a
1106 973 1267 1027 puellis
1289 974 1566 1028 separandos
1589 987 1700 1023 esse,
1724 979 1776 1016 ut
1800 975 2054 1030 disciplinis

348 1056 534 1098 operam
556 1043 664 1085 dent
701 1043 761 1098 (c:
784 1045 889 1100 πρὸς
923 1045 969 1088 δὲ
1001 1046 1058 1088 τὰ
1090 1046 1342 1101 μαθήματα
1357 1047 1600 1101 τρέπεσθαι
1618 1048 1753 1103 χρεὼν
1773 1047 2049 1107 ἑκατέρους).

350 1114 680 1159 ARISTOTELES
722 1113 872 1168 (Polit.
913 1112 1019 1163 VII,
1060 1127 1161 1169 cap.
1204 1127 1272 1168 14,
1318 1129 1361 1170 p.
1397 1124 1506 1168 1335
1536 1115 1606 1169 b):
1641 1118 1786 1176 ,,αὔτη
1818 1117 1974 1163 δ’ἐστὶν
2005 1119 2048 1177 ἐν

346 1192 434 1237 τοῖς
483 1187 717 1240 πλείστοις,
765 1187 897 1243 ἥνπερ
942 1191 1025 1231 τῶν
1071 1192 1262 1242 ποιητῶν
1311 1203 1417 1238 τινες
1465 1188 1688 1245 εἰρήκασιν
1725 1188 1764 1231 οἱ
1793 1191 2047 1245 μετροῦντες

345 1261 441 1308 ταῖς
476 1258 687 1315 ἑβδομάσι
717 1257 792 1312 τὴν
825 1258 1001 1313 ἡλικίαν
1033 1257 1131 1312 περὶ
1147 1258 1220 1301 τὸν
1239 1259 1388 1314 χρόνον
1406 1258 1479 1302 τὸν
1497 1263 1580 1302 τῶν
1600 1259 1875 1316 πεντήκοντα
1893 1258 2046 1303 ἐτῶν.”

349 1325 465 1381 Ipsis
496 1339 677 1381 quoque
709 1326 895 1367 ST01<31s
925 1326 1043 1368 hanc
1073 1326 1346 1370 divisionem
1375 1331 1536 1369 notam
1566 1326 1704 1369 fuisse
1734 1331 1780 1369 et
1807 1326 2053 1386 probatam

347 1401 537 1451 apparet
567 1410 591 1438 e
621 1396 771 1438 verbis
800 1396 954 1446 AETII,
986 1396 1111 1451 apud
1140 1410 1276 1452 quem
1310 1397 1405 1452 (IV,
1440 1410 1507 1447 11,
1538 1399 1580 1455 4)
1615 1398 1755 1440 Stoici
1784 1398 1848 1441 sic
1865 1398 2050 1441 dicunt:

349 1472 400 1523 „6
448 1471 494 1512 δὲ
545 1470 670 1527 λόγος
703 1470 812 1513 καθ’
848 1471 892 1513 ὃν
924 1470 1350 1527 προσαγορευόμεθα
1385 1470 1555 1528 λογικοὶ
1587 1472 1641 1516 ἑκ
1674 1473 1758 1515 τῶν
1790 1470 2048 1531 προλήψεων

344 1543 716 1596 συμπληροῦσθαι
765 1541 942 1597 λέγεται
990 1559 1018 1584 κ
1041 1558 1107 1588 ατ
1128 1542 1154 1584 ἀ
1200 1541 1303 1596 τὴν
1351 1559 1381 1584 π
1405 1559 1425 1597 ρ
1444 1542 1598 1598 ὠτην
1635 1542 1741 1599 ἑβδ
1759 1560 1780 1585 ο
1800 1561 1829 1598 μ
1848 1542 1916 1586 άδ
1937 1539 2047 1597 α”.2)

346 1609 483 1664 Apud
508 1609 703 1651 eundem
731 1609 800 1663 (V,
829 1621 897 1661 23,
931 1610 969 1664 1)
1001 1609 1210 1664 legimus:
1244 1611 1564 1667 ,ῘΗράκλειτος
1601 1612 1675 1656 καὶ
1708 1612 1762 1656 οἱ
1794 1611 2050 1670 Στωικοὶ

345 1683 564 1738 ἄρχεσθαι
592 1683 689 1733 τοὺς
723 1683 977 1738 ἀνθρώπους
1008 1686 1083 1738 τῆς
1116 1683 1387 1738 τελειότητος
1422 1701 1453 1726 π
1472 1682 1560 1738 ερὶ
1598 1684 1700 1738 τὴν
1744 1683 1842 1726 δευ
1860 1683 1923 1728 τέ
1942 1700 1964 1739 ρ
1985 1700 2047 1726 αν

344 1754 620 1810 ἑβδομάδ
642 1743 695 1806 oe,
731 1752 827 1808 περὶ
872 1754 920 1809 ἢν
970 1755 991 1797 ὁ
1043 1754 1341 1809 σπερματικὸς
1411 1756 1599 1801 κινεῖται
1658 1753 1872 1809 ὸρρός”.3)
1939 1751 2053 1795 Cum

343 1822 483 1876 igitur
528 1821 724 1876 probata
768 1821 905 1863 fuisse
955 1820 1167 1864 videatur
1212 1822 1325 1864 haec
1358 1821 1522 1865 divisio
1556 1822 1720 1864 Stoicis
1753 1820 2049 1878 philosophis,

344 1906 494 1936 nonne
541 1892 634 1933 veri
680 1892 822 1935 simile
864 1896 947 1941 est,
973 1892 1114 1934 etiam
1139 1892 1445 1948 Chrysippum
1468 1906 1522 1934 ea
1552 1906 1687 1934 usum
1721 1891 1950 1948 scripsisse
1977 1888 2049 1935 'de

344 1963 617 2005 educatione
651 1976 909 2017 puerorum,
945 1963 1022 2018 qui
1055 1963 1102 2005 in
1135 1962 1282 2018 prima
1314 1961 1600 2008 hebdomade
1619 1963 1881 2005 versentur?
1914 1962 2048 2019 Quod

344 2037 395 2075 ut
446 2033 742 2088 suspicemur,
795 2047 847 2075 eo
899 2033 1076 2085 facilius
1127 2033 1412 2083 adducimur,
1466 2034 1683 2089 quoniam
1734 2047 1801 2083 ea,
1845 2047 1961 2089 quae
1998 2038 2045 2075 et

346 2103 621 2146 Plutarchus
652 2108 697 2145 et
731 2103 1042 2159 Quintilianus
1073 2104 1239 2148 docent
1271 2104 1327 2146 de
1359 2091 1598 2160 Chrysippi
1633 2103 1901 2160 praeceptis,
1933 2104 2052 2146 eius-

343 2174 471 2216 modi
530 2179 652 2223 sunt,
714 2179 766 2216 ut
826 2174 885 2216 ad
938 2174 1258 2217 educationem
1312 2188 1556 2230 puerorum
1602 2174 1832 2217 minorum
1872 2178 2050 2230 septem

344 2245 473 2287 annis
502 2244 640 2287 modo
666 2245 861 2286 attinere
878 2245 1136 2295 videantur,
1156 2245 1203 2287 id
1221 2245 1346 2300 quod
1368 2259 1506 2300 supra
1523 2233 1836 2287 demonstrare
1853 2249 2049 2295 conatus

343 2328 459 2360 sum.

402 2386 448 2427 Si
473 2386 535 2427 sic
560 2399 606 2428 se
631 2399 701 2427 res
720 2386 860 2427 habet
886 2411 940 2416 —-
965 2386 1206 2441 Chrysippi
1227 2386 1430 2428 libellum
1451 2388 1546 2445 περὶ
1564 2389 1884 2444 παιδοτροφίας
1903 2386 2046 2441 egisse

342 2456 397 2497 de
430 2457 576 2510 prima
606 2456 893 2498 hebdomade
918 2483 976 2487 —
1007 2457 1137 2499 facile
1167 2457 1463 2511 intellegitur,
1479 2458 1601 2500 unde
1617 2461 1771 2499 ortum
1786 2457 1844 2498 sit
1861 2457 2044 2507 vitium,

343 2526 466 2581 quod
503 2526 814 2582 Wyttenbach
848 2527 1022 2581 auctori
1057 2526 1196 2569 libelli
1234 2525 1493 2570 Plutarchei
1527 2527 1703 2570 crimini
1736 2527 1831 2570 dat.
1863 2527 2041 2570 Doctus

1164 220 1220 263 42

385 2675 418 2711 1)
469 2676 588 2711 Sron„
614 2676 667 2712 98,
693 2682 746 2710 72.

382 2728 417 2764 2)
468 2728 593 2764 DmLs,
615 2727 767 2767 Doxogr.
791 2729 847 2758 Gr.
870 2737 902 2765 p.
925 2737 1001 2765 400,
1023 2738 1076 2765 23,
1096 2738 1141 2759 AB
1165 2729 1341 2768 Anmmj,
1362 2729 1469 2765 frgm.
1493 2737 1566 2765 149,
1590 2737 1622 2765 p.
1646 2737 1700 2764 41.

386 2781 417 2817 3)
467 2781 593 2817 Duas,
617 2781 768 2817 Doxogr.
793 2781 863 2817 Gr.‚
885 2790 918 2818 p.
942 2790 1017 2817 434,
1043 2781 1092 2810 16.
1116 2781 1165 2810 Cf.
1189 2784 1370 2818 praeterea
1391 2782 1498 2811 D1oo.
1522 2781 1657 2812 LAERT.
1682 2781 1764 2817 VII,
1788 2789 1826 2818 55
1845 2782 1902 2819 (ΑΒ
1915 2782 2042 2812 Anum

339 2834 439 2870 {vi-gm.
463 2840 514 2870 17,
533 2842 566 2870 p.
587 2834 683 2870 212);
703 2834 857 2863 Lucum.
878 2835 1010 2863 Anach.
1031 2841 1106 2871 cap.
1127 2843 1185 2871 20;
1203 2836 1325 2865 ETYM.
1344 2836 1442 2865 GUD.
1462 2842 1495 2871 p.
1518 2843 1591 2871 124.
