2228 3366
1197 265 1252 296 22

379 395 471 437 quo
509 383 605 439 περὶ
652 385 960 440 παιδοτροφίας
1003 386 1224 436 ageretur,
1267 383 1548 425 mentionem
1589 384 1759 427 fecisse.
1802 385 1923 440 Quid
1961 385 2084 430 enim

379 451 573 495 infantis
607 456 736 493 aetas
769 465 873 493 cum
907 452 1213 494 chironomia?
1251 453 1472 495 Attamen
1506 453 1786 510 Chrysippus
1819 459 1954 510 putat
1990 455 2082 498 iam

379 523 485 564 inde
542 522 661 566 hanc
717 522 916 578 corporis
956 523 1337 566 exercitationem
1377 524 1560 566 initium
1601 539 1760 580 capere
1801 526 1979 576 debere,
2022 539 2075 568 ac

379 597 622 648 propterea
655 593 964 649 Quintilianus
992 594 1103 636 dicit
1124 594 1454 637 chironomiam
1474 595 1534 637 ab
1551 609 1604 637 eo
1624 609 1716 638 non
1735 609 1830 638 esse
1849 597 2081 646 omissam,

378 665 505 719 quod
530 665 566 706 si
593 665 789 714 fecisset,
815 665 912 706 iure
936 677 1071 706 nemo
1097 678 1227 720 aegre
1254 666 1368 707 ferre
1394 670 1592 720 poterat.

438 735 559 791 Quid
594 748 701 777 vero
736 735 1017 791 Chrysippus
1051 736 1283 791 praecepit
1317 736 1372 778 de
1407 737 1713 779 chironomia?
1751 737 1995 780 Manifesto
2012 725 2090 788 ea,

378 820 495 862 quae
523 806 726 848 attinent
755 806 813 848 ad
839 806 1031 848 infantis
1058 806 1431 862 educationem.1)
1465 807 1691 849 Indicium
1719 812 2081 863 praeceptorum,

378 890 496 932 quae
516 877 798 933 Chrysippus
815 877 902 918 hac
919 877 975 918 de
993 891 1038 918 re
1057 877 1197 927 dedit,
1218 873 1368 919 inesse*
1382 878 1566 920 videtur
1576 879 1644 920 his
1661 878 1894 921 Plutarchi
1909 879 2080 921 verbis:

375 950 539 1006 ’ὥσπερ
571 951 657 1007 γὰρ
685 951 743 993 τὰ
778 950 889 1008 μέλη
919 953 997 993 τοῦ
1029 951 1228 1005 σώματος
1268 951 1399 1002 εὐθὺς
1433 950 1519 993 ἀπὸ
1549 952 1757 1008 γενέσεως
1774 953 1980 996 πλάττειν
1995 954 2082 997 τῶν

374 1022 533 1065 τέκνων
584 1022 826 1078 ἀναγκαῖόν
875 1021 1005 1074 ἐστιν,
1056 1022 1129 1064 ἵνα
1161 1022 1279 1065 ταῦτ’
1313 1023 1432 1077 ὀρθὰ
1466 1019 1539 1066 nixi.
1573 1023 1765 1080 ἀστραβῆ
1799 1024 1974 1080 φύηται,
2005 1022 2079 1067 τὸν

375 1092 500 1137 αὐτὸν
548 1093 703 1148 τρόπον
754 1093 800 1145 ἐξ
846 1092 977 1149 ἀρχῆς
1010 1093 1067 1136 τὰ
1098 1096 1181 1146 τῷν
1213 1093 1373 1136 τέκνων
1405 1095 1494 1149 ἤθη
1529 1093 1748 1149 ῥυθμίζειν
1779 1093 2021 1150 προσήκει.’
2045 1090 2078 1143 2)

377 1161 498 1203 Huic
542 1161 664 1203 enim
706 1161 805 1203 loco
847 1161 1233 1204 necessitudinem
1276 1161 1510 1216 quandam
1553 1175 1648 1203 esse
1691 1175 1796 1203 cum
1839 1161 2082 1218 Chrysippi

378 1232 530 1274 verbis
561 1236 607 1274 et
640 1236 885 1274 contextus
917 1232 1162 1286 significat,
1195 1236 1248 1273 ut
1280 1246 1388 1274 mox
1422 1232 1699 1287 patefaciam
1730 1237 1775 1274 et
1808 1232 1904 1274 veri
1934 1231 2081 1274 simile

377 1303 433 1345 fit
454 1317 512 1345 ex
533 1316 599 1353 eo,
626 1303 753 1358 quod
776 1302 1087 1358 Quintilianus
1109 1302 1216 1344 alibi
1238 1302 1359 1344 idem
1382 1302 1472 1365 fere
1495 1303 1683 1358 praebet
1697 1316 1737 1352 1„
1760 1307 1806 1344 et
1823 1306 1876 1344 ut
1891 1315 2082 1358 corpora

377 1373 437 1416 ad
466 1373 694 1430 quosdam
721 1373 1033 1415 membrorum
1061 1373 1208 1415 flexus
1238 1374 1423 1415 formari
1451 1374 1537 1415 nisi
1565 1378 1723 1416 tenera
1749 1387 1840 1415 non
1870 1377 2079 1429 possunt,

376 1445 439 1487 sic
467 1445 644 1487 animos
672 1457 854 1500 quoque
881 1444 941 1486 ad
966 1444 1182 1499 pleraque
1209 1444 1412 1486 duriores
1437 1444 1577 1486 robur
1601 1445 1752 1499 ipsum
1779 1444 1978 1498 facit.''³)
2008 1443 2081 1485 Ad

374 1516 572 1559 eandem
596 1529 691 1557 rem
716 1519 928 1570 spectant
955 1516 1096 1557 verba
1120 1529 1259 1570 supra
1282 1515 1492 1557 laudata:
1523 1519 1597 1564 „et
1624 1519 1675 1556 ut
1702 1527 1945 1570 corporum
1969 1528 2079 1556 mox

377 1587 732 1629 fortissimorum
776 1586 989 1629 educatio
1034 1601 1060 1628 a
1105 1586 1223 1628 lacte
1252 1587 1469 1641 cunisque
1496 1586 1680 1628 initium
1708 1586 1851 1635 ducit,
1882 1600 1925 1640 q.
1955 1585 2024 1627 s.”
2042 1584 2075 1639 4)

377 1658 651 1714 Quintiliani
693 1661 850 1700 autem
890 1657 946 1700 de
987 1657 1269 1699 chironomia
1310 1657 1450 1699 verba
1490 1656 1817 1699 tantummodo
1859 1656 1918 1698 ad
1958 1656 2080 1698 hunc

373 1729 540 1778 locum,
567 1742 659 1784 quo
682 1742 862 1770 morum
886 1741 991 1770 cum
1016 1728 1215 1783 corporis
1239 1728 1510 1770 educatione
1535 1731 1841 1783 comparatur,
1858 1731 2080 1782 spectare,

378 1799 475 1841 veri
499 1799 643 1841 simile
668 1813 760 1841 non
785 1803 867 1840 est.
896 1799 1123 1854 Quoniam
1147 1799 1269 1840 enim
1297 1812 1568 1854 „corporum
1592 1811 1701 1840 mox
1726 1797 2081 1840 fortissimorum

375 1870 591 1912 educatio
620 1884 647 1911 a
675 1870 793 1911 lacte
823 1870 1041 1924 cunisque
1070 1869 1254 1911 initium
1284 1869 1442 1911 ducit”
1472 1874 1518 1911 et
1549 1869 1829 1924 Chrysippus
1861 1867 2082 1918 „nutrici-

377 1940 463 1982 bus
481 1940 730 1982 triennium
750 1940 907 1981 dedit¹'
931 1941 980 1994 5),
1002 1940 1097 1981 sine
1116 1940 1257 1982 dubio
1276 1940 1531 1981 nutricibus
1557 1939 1793 1994 praecipit,
1817 1952 1934 1993 quae
1953 1951 2080 1979 exer-

375 2011 536 2053 citatio
553 2011 729 2066 corpori
746 2015 903 2052 tenero
919 2010 1179 2067 adhibenda
1194 2010 1268 2059 sit,
1280 2015 1331 2052 ut
1346 2015 1523 2052 rectum
1535 2010 1840 2064 decorumque
1854 2008 2075 2062 evadat.⁶)

421 2143 452 2179 1)
499 2142 581 2171 Veri
596 2142 707 2172 simile
726 2142 868 2171 videtur
884 2142 991 2171 verba
1011 2151 1042 2179 q.
1059 2151 1085 2172 S.
1103 2132 1221 2178 εὐθὺς
1235 2131 1312 2171 ἀπὸ
1325 2135 1514 2182 γενέσεως
1534 2150 1603 2171 non
1626 2141 1834 2178 profluxisse
1855 2150 1872 2170 e
1893 2140 2079 2177 Chrysippi

374 2195 503 2231 libello;
523 2195 759 2232 Chrysippum
778 2195 872 2224 enim
889 2195 1048 2225 locutum
1067 2203 1139 2224 esse
1158 2195 1201 2224 de
1219 2195 1471 2224 exercitatione
1490 2195 1644 2231 eorporis
1662 2202 1783 2224 eorum
1800 2193 2002 2229 infantium,
2020 2193 2079 2230 qui

375 2248 598 2285 aliquantum
624 2248 793 2285 temporis
817 2248 852 2277 in
880 2248 955 2276 vita
979 2248 1050 2277 iam
1076 2247 1263 2284 (legissent,
1291 2251 1438 2284 apparet
1465 2257 1481 2276 e
1508 2248 1672 2277 GALENO.
1701 2248 1743 2277 cf.
1762 2245 2078 2276 ZELLER-WELLM.

374 2310 407 2338 p.
435 2309 509 2337 302.
534 2309 567 2330 n.
597 2310 625 2330 1:
649 2301 806 2338 „Dyroff
829 2301 931 2330 sucht
956 2301 1231 2337 nachzuweisen,
1257 2301 1337 2330 dass
1364 2300 1592 2329 Ps—Plutarch
1610 2325 1615 2330 .
1635 2324 1664 2330 ..
1691 2301 1797 2330 vieles
1821 2307 1890 2329 von
1905 2299 2079 2335 Chrysipp

374 2354 535 2383 entlehnt
558 2353 631 2383 hat.
668 2354 760 2383 Dass
781 2363 818 2383 er
839 2353 893 2382 die
916 2356 1022 2382 ersten
1044 2354 1204 2390 Anfiinge
1226 2354 1287 2383 der
1308 2354 1548 2390 korperlichen
1572 2353 1779 2390 Erziehung,
1801 2352 1888 2382 auch
1908 2351 2010 2381 sehon
2031 2351 2079 2380 im

375 2405 600 2442 Mutterkzhe,
626 2406 903 2442 vernachliissigt
929 2406 1029 2442 habe,
1055 2407 1175 2435 macht
1201 2407 1340 2436 GALEN.
1368 2406 1418 2435 De
1445 2407 1612 2443 Hippocr.
1638 2409 1673 2435 et
1700 2406 1788 2436 Plat.
1815 2405 1855 2441 V,
1882 2413 1898 2440 5
1925 2405 1958 2434 S.
1985 2405 2075 2440 4655.

377 2459 419 2488 K.
443 2468 519 2495 444,
546 2468 596 2495 11,
621 2459 664 2488 M.
689 2459 755 2488 mit'
778 2459 985 2488 Posidonius
1007 2459 1223 2496 Chrysippus
1244 2467 1323 2488 zum
1346 2459 1543 2488 Vorwurf.”

419 2513 451 2548 2)
502 2520 577 2549 cap.
602 2520 618 2548 5
642 2521 675 2549 p.
700 2521 750 2548 30.

420 2565 452 2600 3)
504 2564 535 2600 1,
568 2573 597 2600 1,
618 2573 671 2594 22.

420 2618 452 2654 4)
504 2617 532 2653 Ι,
556 2626 585 2653 1,
606 2626 658 2647 21.

420 2670 451 2706 5)
503 2670 533 2705 1,
557 2678 587 2705 1,
610 2672 662 2699 16.

418 2723 449 2759 6)
501 2722 635 2751 Eodem
657 2723 699 2752 de
722 2726 930 2759 argumento
952 2724 1074 2753 Amsr.
1102 2724 1202 2753 Polit.
1227 2724 1308 2759 VII,
1334 2732 1390 2760 19:
1425 2712 1517 2766 πρὸς
1545 2712 1586 2752 δὲ
1611 2712 1654 2752 τὸ
1682 2715 1739 2763 μὴ
1771 2711 2075 2765 διαστρέφεσθαι

371 2770 420 2804 τοὶ
466 2771 573 2816 μέλη
618 2769 899 2818 δι’ἀπαλότητα
951 2774 1121 2819 χρῶνται
1162 2771 1226 2806 καὶ
1268 2772 1332 2806 νῦν
1373 2770 1453 2806 ἔνιαι
1493 2773 1567 2805 τῶν
1620 2766 1746 2807 ἐθνῶν
1784 2770 1956 2819 ὀργάνοις
1997 2768 2083 2811 τεο-ἰι

370 2825 620 2870 μηχανικοῖς,
651 2822 675 2857 οἳ
703 2819 746 2858 τὸ
775 2826 888 2870 σῶμα
917 2826 1015 2859 ποιεῖ
1037 2827 1111 2859 τῶν
1139 2823 1313 2859 τοιούτων
1340 2823 1546 2872 ἀστραβές.
1580 2829 1685 2858 PLAT.
1720 2829 1803 2865 Rep.
1824 2837 1856 2865 p.
1878 2835 1972 2864 377⁰:
1990 2818 2073 2860 τοὺς

370 2871 669 2924 δ’έγκριθέντας
714 2876 899 2924 (μύθους)
939 2879 1122 2923 πείσομεν
1165 2878 1234 2916 ταὶς
1275 2877 1430 2925 τρόφους
1471 2887 1513 2911 τε
1540 2876 1603 2911 καὶ
1634 2878 1808 2925 μητέρας
1836 2878 1969 2922 λέγειν
1998 2876 2074 2913 τοῖς
