2228 3366
951 211 1010 255 61

117 344 282 400 berger
342 342 496 400 inquit
516 343 564 399 1),
628 342 764 393 „dass
815 342 1130 398 Wyttenbach
1181 341 1302 384 diese
1345 341 1604 384 Thatsache
1650 341 1842 384 anfiihrt

121 415 372 472 (animadv.
413 414 460 457 II
497 414 574 465 bd,
613 428 657 470 p.
697 415 786 469 24),
825 413 935 456 aber
969 413 1180 455 dennoch
1215 425 1358 468 gegen
1394 413 1469 455 die
1506 413 1725 455 Echtheit
1762 412 1844 454 der

116 486 286 532 schrift
306 486 414 529 kein
434 485 681 528 Bedenken
703 472 880 535 erhebt‚
902 485 990 527 wie
1009 498 1058 526 er
1077 484 1173 526 dies
1193 484 1266 526 bei
1287 484 1367 526 der
1387 484 1551 527 vorher
1572 483 1842 540 besproche-

115 572 206 603 nen
271 557 441 602 schrift
492 559 588 616 περὶ
641 560 814 605 παίδων
869 560 1063 616 ἀγωγῆς
1113 570 1195 598 aus
1244 556 1349 598 dem
1397 556 1605 611 gleichen
1655 555 1843 599 Grunde

117 629 336 687 gethan.'’

176 700 311 758 Quod
346 701 395 745 in
433 700 654 756 Catalogo
693 699 936 755 Lampriae
975 699 1140 742 titulus
1177 713 1269 743 non
1307 698 1487 754 legitur,
1527 699 1845 754 Wyttenbach

115 773 213 829 ipse
238 772 370 815 nihili
396 772 545 814 ducit:
577 771 686 822 „sed
713 784 861 827 neque
889 771 994 813 hinc
1021 771 1069 814 in
1096 771 1370 813 alterutram
1398 775 1578 826 partem
1602 783 1843 825 argumen-

90 843 220 887 'tum
261 843 404 887 ducas
415 856 424 893 ;
469 843 697 899 siquidem
740 842 987 898 Catalogus
1028 842 1102 884 ille
1146 846 1380 898 postrema
1423 846 1553 897 parte
1597 845 1844 883 truncatus

117 914 178 959 ad
208 929 292 958 nos
323 915 558 970 venit.''2)‘

175 1058 295 1101 Tum
333 1058 558 1100 disserens
577 1045 653 1100 'de
694 1057 979 1113 argumentis
1020 1057 1169 1112 primo
1209 1057 1304 1111 agit
1347 1056 1433 1107 „de
1473 1056 1681 1105 materia,
1724 1069 1843 1111 quae

117 1129 334 1186 deest.”³)
373 1130 464 1173 Vix
500 1143 615 1185 opus
651 1133 720 1171 est
758 1129 920 1179 dicere,
958 1128 1077 1187 hanc
1115 1128 1462 1184 Wyttenbachii
1500 1127 1845 1183 paragraphum

116 1201 304 1244 minime
347 1200 499 1243 valere
541 1199 668 1256 apud
709 1214 806 1250 nos,
852 1200 930 1256 qui
975 1199 1163 1255 quidem
1206 1199 1456 1242 viderimus
1498 1199 1704 1241 libellum
1746 1211 1843 1242 esse

117 1273 352 1328 epitomen
378 1286 403 1314 e
433 1272 596 1315 Stoicis
623 1272 806 1327 scriptis
825 1271 1088 1321 collectam,
1118 1285 1260 1327 quam
1286 1271 1334 1313 in
1361 1271 1593 1326 epitomen
1623 1283 1691 1320 ea,
1722 1282 1844 1325 quae

118 1344 400 1401 pertinerent
439 1343 499 1386 ad
536 1343 875 1394 educationem,
915 1343 1083 1386 collata
1121 1343 1214 1385 sint
1252 1356 1276 1384 e
1314 1342 1454 1393 libris,
1495 1342 1574 1398 qui
1612 1356 1704 1385 non
1731 1342 1844 1384 data

119 1429 258 1472 opera
289 1414 344 1458 de
379 1415 467 1458 hoc
500 1419 773 1471 argumento
807 1419 1009 1470 agerent.
1047 1414 1246 1456 Omnino
1278 1414 1420 1469 igitur
1452 1428 1546 1457 non
1582 1414 1702 1463 licet,
1738 1428 1845 1456 cum

119 1486 480 1543 wyttenbachio
507 1486 713 1529 libellum
742 1486 980 1529 Plutarchi
1009 1499 1274 1542 comparare
1302 1499 1408 1528 cum
1437 1485 1642 1528 Platonis
1671 1486 1845 1541 Legum

117 1558 235 1601 libro
289 1558 396 1608 VII,
450 1558 535 1601 Rei
588 1558 798 1614 publicae
855 1558 917 1608 II,
976 1558 1065 1608 III,
1108 1557 1432 1613 Xenophontis
1473 1557 1758 1613 Cyropaedia
1796 1561 1845 1599 et

121 1629 375 1686 Republica
412 1629 894 1679 Lacedaemoniorum,
933 1629 1193 1671 Aristotelis
1243 1628 1420 1671 Politic.
1473 1628 1564 1671 VII
1611 1633 1658 1670 et
1709 1629 1843 1678 VIII,

121 1701 392 1758 Quintiliani
431 1701 545 1746 Inst.
587 1701 715 1744 Orat.
762 1702 781 1743 I
806 1706 854 1743 et
880 1701 948 1743 II:
975 1714 1032 1743 ne
1058 1706 1276 1756 poscatur
1301 1697 1362 1742 ab
1386 1700 1582 1749 infante,
1610 1700 1735 1755 quod
1759 1700 1845 1742 viri

121 1771 271 1816 adulti
310 1776 395 1823 est,
438 1786 496 1815 ne
537 1772 764 1815 desideres
804 1773 852 1814 in
892 1772 1022 1822 libro,
1064 1772 1242 1814 auctori
1282 1771 1421 1813 modo
1462 1771 1709 1821 destinato,
1752 1785 1845 1827 quo

121 1848 282 1900 postea
315 1847 525 1888 uteretur
559 1843 843 1894 adiumento,
880 1857 998 1899 quae
1033 1843 1156 1898 legas
1191 1843 1236 1885 in
1273 1842 1390 1885 libro
1424 1842 1601 1892 limato,
1637 1842 1760 1884 edite
1796 1842 1845 1884 in

120 1914 284 1959 lucem.
330 1915 579 1971 Propterea
622 1915 800 1959 auctori
844 1915 1022 1958 crimini
1066 1914 1273 1956 dandum
1316 1928 1412 1959 non
1454 1917 1538 1963 est,
1584 1913 1710 1970 quod
1751 1928 1846 1958 non

121 1987 288 2030 diserte
325 1991 552 2030 memorat
593 1990 716 2037 „tres
754 1986 854 2030 illas
892 1986 1202 2028 institutionis
1241 1985 1425 2041 puerilis
1464 1989 1632 2041 partes,
1672 1985 1845 2035 literas,

120 2058 358 2109 musicam,
403 2058 790 2114 gymnasticam.''
838 2058 998 2114 Neque
1042 2057 1447 2106 inconsiderantia,
1492 2070 1641 2112 neque
1689 2056 1845 2112 „igno-

120 2130 275 2174 rantia
309 2130 448 2172 moris
484 2129 695 2186 antiqui'’
734 2143 873 2172 causa
908 2133 1022 2179 erat,
1061 2142 1142 2171 cur
1176 2142 1267 2171 non
1305 2128 1452 2170 fusius
1488 2127 1547 2170 de
1581 2128 1636 2169 iis
1673 2132 1843 2183 ageret.

123 2201 228 2246 Sine
251 2200 394 2244 dubio
418 2205 581 2257 postea
603 2200 652 2243 id
676 2201 885 2243 facturus
908 2204 1021 2243 erat.
1051 2200 1206 2243 Stoica
1230 2213 1338 2242 vero
1362 2199 1547 2255 scripta,
1574 2212 1692 2255 quae
1717 2199 1847 2241 adhi-

122 2272 225 2316 buit
261 2272 322 2315 ad
358 2276 615 2315 tractatum
652 2271 1046 2322 conscribendum,
1086 2271 1142 2313 de
1179 2271 1266 2314 hac
1302 2270 1613 2327 tripertitione
1651 2285 1746 2315 non
1781 2270 1848 2313 lo-

123 2343 400 2401 quebantur,
436 2343 606 2400 quippe
640 2357 746 2386 cum
778 2357 872 2388 non
905 2343 1019 2386 data
1051 2356 1190 2398 opera
1224 2347 1411 2398 agerent
1445 2342 1501 2384 de
1534 2341 1843 2392 institutione,

49 2431 53 2435 ·
124 2415 374 2472 plurimum
415 2419 536 2459 certe
578 2414 833 2457 tribuerent
876 2414 1205 2470 philosophiae,
1250 2427 1535 2470 quamquam
1576 2426 1670 2458 non
1711 2413 1847 2468 plane

125 2485 300 2542 neglegi
338 2486 567 2542 encyclias
607 2499 725 2542 quae
766 2490 993 2528 vocantur
1033 2485 1296 2541 disciplinas
1336 2498 1412 2527 eos
1453 2484 1664 2534 voluisse,
1707 2498 1848 2540 supra

174 2661 206 2699 1)
254 2668 285 2690 o.
309 2660 331 2690 1.
355 2668 388 2698 p.
412 2668 466 2698 45.

171 2713 204 2751 2)
251 2714 306 2744 De
326 2713 495 2750 Catalogo
516 2713 701 2751 Lampriae
722 2713 766 2743 cf.
790 2713 1088 2743 Cflmsr-Scumn
1111 2712 1160 2750 11,
1184 2705 1231 2748 1⁵,
1254 2721 1287 2749 p.
1311 2718 1386 2748 371.
1410 2711 1636 2742 Memorabile
1656 2715 1720 2749 est,
1739 2711 1849 2742 etiam

123 2766 160 2796 in
186 2766 355 2804 Catalogo
379 2775 521 2804 operuxr·
551 2767 843 2797 Aristoteleorum
868 2767 983 2797 multa
1006 2767 1223 2798 collectanea
1248 2767 1377 2797 deesse.
1406 2765 1456 2796 Cf.
1484 2765 1782 2797 Cuius'r—Scnmm
1800 2757 1849 2802 1⁵,

129 2828 163 2858 P·
181 2821 253 2866 ,675
279 2828 332 2858 sq·
380 2858 383 2861 ,

173 2873 206 2911 3)
254 2882 286 2904 ο.
306 2874 328 2904 1.
350 2882 383 2911 p.
408 2874 460 2910 36.
