2228 3366
155 316 328 361 Verba
371 327 456 372 q.s.
503 314 793 371 squalentem
842 312 1034 356 barbam
1082 325 1207 367 e.q.S.
1244 310 1371 353 dicta
1401 314 1509 352 sunt
1538 308 1595 351 de
1627 307 1827 350 Hectore

113 388 206 441 illo,
249 387 332 445 qui
367 387 417 430 in
452 400 614 429 somno
643 382 823 428 Aeneae
855 389 964 427 ante
991 383 1148 426 oculos
1180 382 1340 425 adesse
1371 381 1498 423 visus
1522 384 1606 429 est,
1639 379 1827 421 minime

114 472 224 504 vero
271 458 329 502 de
372 458 574 501 Hectore
624 462 728 513 post
773 459 1060 512 reportatam
1092 454 1335 497 victoriam
1372 453 1556 495 Troiam
1591 451 1827 499 redeunte,

114 530 335 601 sanguine
368 534 416 572 et
451 529 638 586 pulvere
673 528 832 584 proelii
864 527 1025 572 oblito,

931 683 1011 725 XI.

177 792 360 837 Tacitus
389 793 438 835 in
461 791 701 834 scribendo
726 790 920 846 Dialogo
944 789 1000 832 de
1019 788 1294 831 Oratoribus
1315 787 1529 830 adhibuit
1553 786 1833 843 Quintiliani

115 864 302 915 librum,
336 864 415 921 qui
442 868 543 906 erat
573 864 640 905 De
669 862 818 905 causis
851 865 1095 917 corruptae
1129 859 1432 916 eloquentiae.

756 1047 767 1069 ,
923 1017 1030 1059 XII.

178 1127 355 1172 Iniuria
414 1125 694 1181 Thucydides
742 1138 796 1166 eo
839 1123 1023 1166 nomine
1070 1122 1237 1178 capitis
1279 1121 1529 1164 damnatus
1573 1125 1659 1172 est,
1708 1119 1835 1177 quod

119 1198 419 1267 Almphipolin
461 1210 602 1253 prave
630 1195 926 1238 defendisset.

915 1373 1046 1415 XIII.

183 1484 378 1528 Athenis
429 1483 744 1538 magistratus,
795 1481 868 1524 cui
916 1493 1085 1525 nomen
1125 1482 1416 1538 ἀντιγραφεὺς
1453 1485 1531 1538 τῇς
1562 1482 1833 1538 διοικήσεως,

125 1561 180 1600 ut
208 1570 237 1600 a
264 1555 555 1599 senatoribus
582 1557 814 1596 crearetur
845 1557 991 1608 utque
1023 1552 1120 1607 ipse
1151 1554 1335 1593 senator
1361 1555 1495 1600 esset,
1520 1564 1701 1593 necesse
1721 1556 1835 1594 erat.

924 1719 1046 1763 XIV.

186 1815 280 1861 Het
312 1796 352 1860 is
382 1817 479 1859 niet
512 1815 902 1870 onvereenigbaar
930 1818 1024 1856 met
1053 1814 1110 1856 de
1146 1813 1329 1855 kenleer
1361 1813 1442 1856 der
1472 1813 1598 1870 Stoa,
1626 1827 1841 1875 wanneer

126 1890 186 1934 de
204 1889 350 1933 latere
374 1887 643 1931 eclectische
669 1886 957 1943 philosophie
983 1884 1167 1942 spreekt
1194 1898 1286 1927 van
1311 1898 1420 1927 eene
1441 1885 1498 1927 de
1518 1883 1840 1939 menschelijke

125 1961 211 2005 ziel
240 1961 489 2016 ingeboren
527 1959 704 2001 kenniS.

936 2067 1031 2108 XV.

189 2176 291 2218 Aan
343 2174 586 2231 Epicurus'
644 2173 910 2215 hedonisme
958 2173 1041 2228 ligt
1089 2187 1172 2215 een
1216 2173 1396 2215 ethisch
1446 2173 1727 2228 pessimisme
1762 2178 1843 2216 ten

128 2247 387 2303 grondslag.

934 2341 1055 2382 XVI.

189 2448 348 2492 Onder
373 2448 430 2492 de
459 2448 737 2490 leervakken
766 2461 854 2490 van
886 2447 942 2489 de
968 2447 1160 2501 hoogste
1177 2446 1326 2490 klasse
1343 2461 1435 2490 van
1455 2447 1534 2490 het
1552 2447 1844 2503 gymnasium

133 2520 364 2564 behoorde
392 2524 439 2562 te
470 2519 655 2562 worden
689 2532 974 2575 opgenomen
1001 2532 1087 2574 'een
1123 2519 1356 2562 overzicht
1386 2533 1478 2562 van
1505 2519 1561 2561 de
1586 2518 1844 2575 beginselen

130 2592 214 2635 der
240 2591 453 2634 formeele
479 2591 640 2645 logica.

921 2699 1066 2740 XVII.

195 2805 263 2847 De
305 2805 756 2848 ethisch-vormende
803 2805 984 2847 waarde
1028 2819 1120 2848 van
1154 2805 1232 2848 het
1268 2805 1552 2862 gymnasiale
1591 2804 1845 2860 onderwijs,

135 2889 323 2932 waarop
364 2876 412 2918 in
453 2876 537 2919 den
570 2876 772 2919 laatsten
807 2876 894 2932 tijd
927 2880 1062 2919 naast
1094 2877 1173 2919 het
1206 2877 1613 2933 propaedeutische
1650 2876 1847 2920 element

137 2961 223 2991 zoo
255 2946 384 2990 sterk
414 2947 500 2990 den
530 2948 712 2991 nadruk
738 2947 897 3004 gelegd
928 2948 1089 2999 wordt,
1124 2949 1263 2991 zoeke
1307 2962 1412 2990 men
1446 2977 1505 2983 —
1542 2961 1655 2990 voor
1683 2960 1850 2990 zoover
