2228 3366
1198 221 1255 263 90

437 339 693 394 „Nirgends
741 338 897 381 finden
946 338 1042 380 sich
1088 338 1170 380 bei
1210 338 1333 381 Plut.
1381 339 1648 382 Ausdriicke
1690 339 1773 382 wie
1808 339 1854 382 If
1883 330 2088 399 ἐχόμενον

377 412 414 454 δ’
440 412 488 455 ἂν
507 413 573 467 εἴη
590 412 754 455 τούτων
775 411 923 465 εἰπεῖν;
949 421 1002 462 3C
1026 412 1122 467 περὶ
1145 412 1190 455 δὲ
1212 415 1374 468 τροφῆς
1390 411 1593 468 ἐχόμενον
1618 413 1667 455 ἂν
1687 414 1756 468 εἴη
1777 408 1970 471 λὲγειν.”
1989 410 2088 454 Has

378 481 595 523 formulas
622 480 752 522 facile
780 484 1015 535 exspectes
1042 481 1089 521 in
1116 480 1280 529 libello,
1312 480 1390 535 qui
1419 481 1549 535 quasi
1577 481 1872 524 adumbratio
1900 485 1969 524 est
1995 475 2089 537 ipsi

378 551 552 593 auctori
581 549 825 593 destinata.
858 551 997 593 Porro
1025 551 1388 606 Weissenberger
1414 551 1646 606 improbat
1676 552 1767 601 „6b
1785 557 1991 611 μαρτυρεῖ
2005 570 2088 610 μου

376 629 438 680 τῷ
489 623 624 680 λόγῳ,
674 620 721 662 Sf
746 627 888 666 ταῦτα
916 624 990 679 μὲν
1022 625 1074 679 δὴ
1108 628 1170 677 τῷ
1207 625 1327 680 λόγῳ
1360 624 1789 680 παρεφορτισάμην”,
1828 622 1884 664 de
1922 622 2090 679 quibus

378 692 583 734 formulis
620 706 757 747 supra
778 693 872 734 iam
894 692 1003 742 dixi,
1031 692 1121 742 „6d
1147 696 1206 746 ὡς
1236 695 1340 750 ἡμῖν
1374 695 1544 738 ἀκούειν
1578 695 1915 750 παραδέδοται”,
1949 706 2091 749 quam

378 758 623 805 formulam
653 763 892 805 laudatam
923 777 1017 804 esse
1053 764 1091 818 (e
1123 763 1447 818 Demosthene)
1481 768 1602 805 recte
1635 763 1944 807 Bernardakis
1971 762 2090 807 ind‘i-
2145 810 2151 817 Χ

377 835 522 884 cavit;
568 834 674 883 „12f
712 836 959 892 ἀνακάμψω
1003 837 1075 879 τὸν
1111 834 1285 891 λόγον,”
1328 847 1444 889 quae
1483 834 1531 875 in
1570 834 1722 876 libello
1761 834 1856 876 eius
1896 833 2086 889 genen's,
2159 859 2162 862 <

378 909 482 960 post
516 905 656 947 allata
690 905 995 960 Pythogorica
1027 904 1236 960 symbola
1268 918 1360 948 non
1393 904 1630 947 immerito
1664 905 1789 947 dicta
1821 909 1942 947 sunt.
1987 931 1990 933 -
2063 915 2066 918 ’
2102 946 2103 949 ,

439 976 590 1025 ‚‚Plut.
653 975 904 1030 gebraucht
963 975 1037 1017 fur
1082 976 1169 1017 den
1216 975 1406 1016 Dichter
1451 977 1736 1034 κατ’ὲξοχήν,
1785 975 1859 1018 fiir
1903 975 2091 1030 Homer,
2151 975 2153 979 ”

378 1047 535 1101 haufig
576 1046 663 1087 den
691 1046 933 1088 Ausdruck
960 1050 983 1091 ὁ
1017 1048 1211 1103 ποιητής,
1240 1046 1287 1087 in
1314 1052 1500 1087 unserer'
1537 1046 1711 1088 Schrift
1739 1045 1941 1101 dagegen
1967 1045 2091 1088 steht

378 1131 426 1158 er
452 1117 570 1159 auch
597 1117 671 1159 fiir
698 1117 952 1172 Euripides,
982 1131 1064 1159 aus
1091 1117 1196 1158 dem
1222 1116 1302 1158 der
1330 1117 1441 1159 Vers
1474 1117 1551 1171 (M.
1584 1116 1655 1171 1b)
1686 1129 1955 1171 genommen
1980 1116 2089 1162 ist.’'

379 1189 439 1230 At
481 1202 573 1230 non
612 1188 779 1243 legitur
803 1191 825 1233 ὁ
860 1190 1037 1247 ποιητής
1063 1188 1091 1229 i.
1118 1201 1157 1229 e.
1185 1191 1326 1242 poeta‘
1346 1187 1433 1236 ille,
1461 1187 1653 1229 articulo
1677 1187 1935 1242 emphatice
1961 1186 2090 1230 adhi-

379 1259 491 1308 bito,
515 1259 595 1300 sed
618 1262 640 1304 ὁ
673 1262 854 1316 ποιητὴς
886 1262 932 1311 ὅς
961 1277 1087 1316 φησιν
1120 1278 1161 1303 κ.
1195 1278 1234 1303 τ.
1267 1265 1328 1303 λ.;
1364 1262 1517 1313 poeta,
1544 1258 1619 1313 qui
1644 1257 1754 1299 dicit
1777 1258 1913 1313 sqq.¹)

439 1331 564 1385 Quae
603 1330 965 1384 Weissenberger
1002 1333 1236 1384 praeterea
1275 1329 1425 1378 affert,
1466 1329 1593 1370 haud
1629 1328 1829 1370 multum
1866 1328 2087 1371 differunt

380 1415 407 1443 a
444 1401 789 1456 Wyttenbachii
826 1401 1120 1455 argumentis.
1161 1400 1234 1442 Ad
1270 1414 1324 1442 ea
1359 1400 1500 1454 igitur
1536 1399 1771 1441 referenda
1807 1389 1930 1449 sunt,
1970 1412 2087 1455 quae

380 1485 517 1526 supra
544 1471 653 1513 dixi.
684 1472 784 1513 Hoc
810 1471 948 1513 modo
975 1471 1109 1520 addo,
1138 1471 1278 1512 etiam
1306 1470 1516 1526 Dyroffio
1543 1470 1701 1519 videri,
1730 1469 2102 1525 Weissenbergff·

380 1556 481 1584 rum
507 1542 563 1584 de
588 1542 740 1584 libello
765 1542 900 1583 nimis
926 1542 1150 1583 violenter
1173 1541 1446 1596 iudicasse.²)

439 1614 646 1668 Denique
675 1627 817 1668 pauca
849 1613 1068 1654 disseram
1096 1612 1151 1654 de
1179 1612 1473 1667 argumentis,
1504 1625 1620 1667 quae
1650 1611 1782 1653 HEIN
1809 1611 1857 1652 in
1884 1610 2088 1654 medium

381 1684 586 1739 protulit.
625 1685 877 1725 Numerum
913 1683 1228 1738 optativorum
1261 1683 1307 1724 in
1343 1682 1493 1724 libello
1528 1686 1857 1737 usurpatorum
1889 1681 2089 1727 indicare

381 1759 531 1810 putat,
566 1768 671 1796 eum
705 1768 731 1796 a
766 1754 1012 1796 Plutarcho
1046 1754 1268 1808 scriptum
1299 1767 1392 1795 non
1425 1766 1534 1802 esse,
1571 1753 1642 1794 cui
1677 1765 1785 1794 vero
1819 1756 2090 1807 argumento
2148 1795 2159 1803 ,

380 1826 475 1880 ipse
511 1825 702 1866 Heinius
736 1839 828 1866 non
862 1824 1060 1866 multum
1095 1824 1365 1878 attribuit.³)
1406 1823 1704 1872 „Invenimus
1737 1823 1785 1864 in
1819 1836 1999 1866 summa
2032 1834 2102 1877 42>

384 1896 631 1951 optativos,
654 1896 716 1937 ita
741 1900 793 1937 ut
815 1896 925 1937 haec
946 1896 1064 1937 ratio
1084 1895 1204 1936 inter
1223 1908 1465 1936 numerum
1488 1894 1759 1949 paginarum
1784 1894 1853 1948 (31
1877 1893 2010 1935 Bern.
2038 1913 2086 1935 ,=

383 1979 451 2016 22,
484 1967 510 2008 6
540 1981 641 2021 pag.
676 1966 807 2020 Sint.)
840 1970 886 2007 et
917 1966 1232 2021 optativorum
1262 1965 1587 2020 conspiciatur:

642 2051 767 2079 num.
804 2050 927 2092 pag:
962 2051 1086 2078 num.
1122 2040 1217 2091 opt.
1262 2057 1305 2070 =
1344 2048 1478 2089 22:42
1525 2056 1568 2069 =
1607 2034 1852 2089 1ooz186‚⁴)

382 2122 498 2163 quae
527 2108 645 2150 ratio
673 2108 720 2150 in
749 2107 874 2149 nullo
903 2107 991 2149 alio
1022 2107 1254 2149 Plutarchi
1282 2107 1399 2148 libro
1427 2105 1759 2160 cognoscitur.''
1794 2105 1973 2147 Revera
2002 2104 2089 2147 hoc

382 2183 703 2233 argumentum
746 2178 923 2219 minimi
966 2178 1187 2219 momenti
1230 2191 1339 2226 esse,
1385 2177 1490 2218 inde
1534 2180 1740 2231 apparet,
1787 2175 1912 2231 quod
1955 2188 1994 2217 e.
2040 2189 2082 2230 g.

383 2250 574 2291 Heinius
598 2249 800 2290 libellum
828 2249 1164 2297 Plutarcheum,
1192 2248 1266 2303 qui
1293 2247 1556 2289 inscribitur
1582 2246 1887 2296 „Convivium
1911 2242 2098 2301 'septem-

382 2320 705 2375 sapientium‚’'
746 2320 824 2374 qui
852 2318 1031 2360 libellus
1070 2319 1188 2361 hanc
1227 2319 1451 2360 rationem
1490 2318 1676 2373 praebet

788 2404 913 2432 num.
940 2403 1064 2444 pag:
1111 2403 1236 2431 num.
1263 2392 1358 2444 opt.
1393 2409 1437 2423 --
1468 2400 1676 2443 100:172,

384 2461 516 2516 plane
545 2461 792 2515 genuinum
820 2474 915 2502 esse
943 2460 1136 2502 iudicat.

443 2532 601 2574 Cetera
627 2531 780 2573 Heinii
806 2535 1075 2586 argumenta
1099 2531 1146 2572 in
1170 2531 1240 2572 ius
1266 2543 1493 2572 vocemus.

431 2687 460 2723 1)
510 2687 560 2716 Cf.
584 2687 727 2723 insuper
750 2687 916 2723 DYROFF,
941 2696 973 2723 p.
1001 2688 1061 2716 281
1088 2695 1120 2715 n.
1148 2695 1176 2722 3.

418 2740 461 2775 ’2)
511 2749 543 2776 p.
569 2749 631 2775 293
654 2749 687 2769 n.
715 2749 741 2768 1.
1186 2738 1189 2740 “

431 2793 461 2829 3)
510 2802 540 2821 o.
567 2793 588 2821 l.
616 2801 648 2829 p.
678 2794 750 2822 162.

429 2846 461 2881 4)
512 2846 577 2874 Pro
596 2853 742 2874 numero
763 2854 794 2882 q.
816 2854 844 2874 e.
870 2846 931 2874 186
950 2844 1174 2875 scribendum
1194 2843 1334 2874 videtur
1355 2835 1399 2879 ss
1425 2852 1499 2879 191.
