2228 3366
939 179 995 234 65

113 316 421 371 etpauperes,
446 325 562 368 quos
583 314 804 368 utrosque
828 312 953 354 Deus
976 311 1252 366 creaverit,1)
1280 323 1505 367 pauperes
1527 310 1835 362 admonuisse,

114 397 171 439 ne
191 383 279 428 sibi
299 383 413 427 talia
423 383 721 440 praecipienti
734 383 911 425 crimini
923 382 1088 425 darent
1098 381 1160 433 id,
1174 383 1299 438 quod
1312 383 1526 426 fortunae
1538 382 1837 425 tribuendum

115 459 249 499 esset.
275 455 402 512 Quae
424 455 566 498 verba
587 468 671 497 nec
692 455 838 505 stulta
859 467 1008 510 neque
1030 454 1282 496 immatura
1304 458 1426 504 sunt,
1451 455 1594 505 immo
1615 453 1836 496 dicuntur

115 527 176 581 ab
195 526 393 581 homine,
417 527 496 582 qui
518 526 702 582 penitus
723 526 987 581 cognoverit
1011 525 1159 568 vitam
1180 525 1433 568 humanam
1455 539 1508 568 ac
1529 525 1837 569 difficultates

62 584 65 587 Δ
114 597 367 648 hominum,
410 598 606 654 ideoque
646 598 701 640 iis
742 597 951 647 suadeat,
995 601 1061 639 ut‘
1080 596 1305 650 ,fortunae
1346 597 1644 653 iniquitatem
1687 611 1837 654 aequo

115 669 279 712 animo*
297 669 463 713 ferant.

173 741 426 797 Praecepta
454 741 555 797 ipsa
586 740 901 797 Wyttenbach
931 754 1026 782 non
1057 740 1213 795 magni
1245 740 1476 782 aestimat.
1512 741 1647 790 „Non
1680 741 1836 784 mala’'

113 812 280 869 inquit,
327 826 506 868 „neque
548 810 855 867 repudianda:
902 810 982 854 sed
1024 815 1183 854 tamen
1229 812 1516 867 pervulgata,
1562 826 1646 856 nec
1691 812 1764 855 vel
1809 826 1837 855 a

115 883 331 940 prudenti
352 883 661 939 experientiae
685 883 1022 933 observatione,
1048 883 1120 925 vel
1144 883 1204 925 ab
1226 883 1468 939 exquisitis
1481 887 1528 926 et
1541 884 1836 926 interioribus

114 954 351 998 literarum
407 954 549 1010 copiis
584 955 837 1010 profectae;
874 958 927 997 ut
962 968 1098 997 nemo
1133 968 1226 997 non
1261 969 1381 997 unus
1415 969 1473 997 ex
1508 955 1668 998 multis
1703 959 1837 1011 pater

101 1025 324 1081 'famili-es,
354 1025 518 1077 leviter
546 1026 723 1068 tinctus
752 1026 908 1079 literis,
946 1026 1108 1068 melius
1149 1027 1478 1082 praeciperet.”
1524 1028 1592 1070 Ne
1625 1028 1661 1069 si
1704 1028 1837 1083 Wyt-

113 1097 316 1140 tenbach
345 1097 416 1139 his
460 1097 612 1139 verbis
654 1111 751 1139 rern
794 1111 879 1140 acu
925 1096 1113 1153 quidem
1156 1098 1375 1153 tetigerit,
1422 1099 1575 1154 agitur
1616 1112 1686 1141 res
1732 1099 1836 1141 Plu-

113 1168 277 1212 tarchi,
306 1169 427 1211 Nam
453 1182 739 1225 quamquam
763 1169 859 1211 sine
885 1164 1028 1211 dubio
1053 1170 1200 1212 maior
1225 1183 1331 1225 pars
1355 1170 1459 1212 libri
1486 1174 1670 1213 constat
1696 1170 1836 1213 verbis

116 1239 414 1293 Plutarcheis,
442 1244 601 1283 tamen
626 1241 848 1283 maiorem
873 1241 1081 1284 materiae
1106 1245 1287 1297 partem
1313 1241 1455 1284 Stoici
1481 1242 1632 1291 fontes
1657 1242 1835 1285 auctori

115 1311 439 1368 praebuerunt.
471 1312 568 1354 Hos
597 1312 738 1367 igitur
766 1312 1081 1368 Wyttenbach
1108 1313 1358 1368 improbat.
1391 1312 1481 1356 Sed
1498 1313 1663 1357 harum
1680 1327 1834 1361 rerum

114 1382 397 1426 existimatio
448 1383 717 1439 plerumque
768 1384 816 1426 in
867 1384 1225 1440 uniuscuiusque
1278 1385 1491 1440 opinione
1544 1386 1696 1441 posita
1746 1390 1832 1429 est.

116 1453 169 1497 E.
200 1468 242 1510 g.
274 1455 442 1511 Dyroff
471 1455 613 1506 verba
643 1455 858 1507 CHRISTH
886 1455 1100 1511 laudat,²)
1129 1469 1248 1512 quae
1262 1457 1633 1499 aestimationem
1650 1471 1837 1512 prorsus

115 1525 255 1569 aliam
279 1530 558 1578 monstrent:
588 1527 742 1577 „Aber
775 1527 894 1569 auch
932 1527 1135 1570 CHRISTS
1174 1527 1511 1584 Widerspruch,
1551 1528 1623 1571 die
1664 1529 1834 1571 Schrift

116 1597 355 1648 „enthalte
398 1597 513 1640 viele
551 1597 777 1640 treffliche
818 1598 1105 1650 Grundsatze
1140 1599 1237 1641 und
1262 1599 1516 1642 drastische
1542 1600 1834 1655 Ausspriiche

115 1668 238 1712 eines
265 1668 536 1722 erfahrenen
566 1669 927 1712 Schulmannes''
950 1670 992 1720 ”‚
1024 1670 1191 1713 beruht
1222 1671 1303 1713 auf
1330 1671 1571 1726 richtigem
1600 1671 1831 1728 Urteile‚³)

114 1739 210 1782 und
241 1753 290 1782 er
322 1741 444 1782 kann
470 1740 543 1782 die
567 1741 776 1784 Vorliebe
800 1741 881 1783 der
903 1742 1302 1784 Humanistenzeit
1328 1743 1423 1784 und
1446 1742 1587 1785 selbst
1610 1743 1731 1785 noch
1754 1742 1835 1785 des

115 1811 303 1867 vorigen
343 1811 686 1866 Jahrhunderts
724 1812 798 1854 fiir
837 1812 919 1855 das
973 1813 1193 1868 „goldene
1234 1813 1487 1862 Biichlein’'
1528 1828 1586 1856 zu
1625 1814 1834 1857 Giinsten

112 1882 259 1925 seiner
289 1882 482 1925 Ansicht
514 1883 586 1925 ins
618 1883 730 1925 Feld
762 1883 974 1926 fiihren.”

170 1954 266 2007 Nec
302 1954 382 2010 qui
419 1954 479 1997 ad
516 1959 765 2010 praecepta
801 1955 1121 1998 confirmanda
1157 1957 1454 2011 proferuntur
1489 1960 1713 2007 auctores,
1753 1957 1833 2000 ali-

111 2025 276 2082 quanti
305 2026 523 2074 aestimat
554 2026 882 2082 Wyttenbach,
913 2026 994 2069 sed
1024 2030 1161 2082 putat
1191 2041 1268 2070 eos
1297 2041 1393 2070 esse
1425 2028 1501 2078 „in
1532 2028 1694 2071 eadem
1722 2029 1834 2071 levi-

110 2096 259 2151 tate.'’
297 2097 401 2147 „Ex
434 2097 717 2153 philosophis
750 2112 869 2140 unus
902 2102 971 2140 est
1007 2099 1155 2149 Plato,
1192 2099 1320 2142 cuius
1353 2100 1440 2142 sub
1472 2100 1615 2155 ipsius
1647 2101 1833 2143 nomine

113 2172 414 2224 apponuntur
437 2170 713 2219 sententiae;
741 2169 820 2212 sed
845 2183 928 2212 nec
953 2170 1150 2225 amplius
1175 2171 1324 2213 tribus
1348 2171 1471 2221 locis,
1499 2185 1582 2214 nec
1607 2176 1661 2214 ut
1687 2172 1832 2228 philo-

113 2238 300 2295 sophiae
329 2239 519 2295 placita:
549 2241 695 2296 magis
723 2242 1014 2283 auctoritatis
1042 2246 1088 2283 et
1121 2246 1310 2285 omatus
1338 2243 1546 2286 caussa.”
1578 2243 1712 2299 Quod
1739 2258 1832 2288 non

112 2310 247 2353 multi
277 2311 520 2367 scriptores
549 2326 577 2354 a
607 2312 855 2355 Plutarcho
884 2312 1148 2363 laudantur,
1180 2313 1443 2356 mirandum
1472 2328 1564 2357 non
1593 2319 1677 2357 est.
1710 2315 1832 2357 Nam

112 2381 232 2432 eum,
274 2382 452 2425 fontem
490 2389 824 2440 excerpentem,
866 2398 943 2426 eas
983 2384 1122 2427 modo
1161 2385 1538 2441 philosophorum
1578 2386 1831 2429 sententias

111 2459 256 2515 eaque
292 2453 509 2497 historiae
545 2456 756 2511 exempla
791 2456 1046 2506 inseruisse,
1085 2470 1202 2512 quae
1239 2457 1459 2500 memoria
1495 2457 1612 2499 forte
1637 2461 1829 2508 teneret,

113 2528 160 2570 et
203 2525 298 2567 veri
340 2526 622 2572 simillimum
662 2532 731 2570 est
768 2532 830 2578 et,
863 2528 949 2570 nisi
984 2527 1129 2578 fallor,
1163 2542 1221 2571 ex
1253 2542 1347 2571 uno
1378 2529 1477 2571 loco
1518 2533 1725 2584 apparet,
1750 2530 1830 2572 ubi

117 2699 131 2715 z
155 2678 186 2717 1)
235 2679 286 2710 Cf.
315 2681 506 2712 proverbia
532 2682 728 2713 Salomonis
758 2683 878 2720 XXII,
907 2693 936 2714 2.

133 2727 188 2770 ’2)
240 2733 267 2762 Ρ
303 2743 378 2770 294.
796 2730 798 2733 ’

151 2785 186 2825 3)
233 2786 292 2818 Gr.
318 2780 424 2818 Litt.1
448 2797 481 2826 p.
507 2796 583 2826 490.
608 2789 906 2821 Cums'r-Scfflum
932 2783 999 2827 11⁵,
1024 2799 1057 2828 p.
1085 2792 1148 2828 384
1173 2791 1259 2821 haec
1282 2792 1463 2828 leguntur:
1486 2792 1560 2828 „sie
1584 2792 1722 2822 enthfflt
1741 2800 1833 2822 zwar

106 2839 279 2870 treffliche
307 2841 499 2872 Gedanken
527 2844 599 2873 und
627 2844 850 2882 Ausspriiche
876 2845 970 2874 eines
996 2844 1202 2876 erfahrenen
1230 2845 1522 2882 Sehulmannes’',
1550 2856 1576 2876 e.
1607 2855 1639 2882 Q.
1668 2855 1694 2875 s.

149 2923 186 2954 S·
1768 2938 1783 2966 5
