2228 3366
2115 0 2175 46 ζῑῇξ.)

1188 239 1215 281 4

403 371 581 413 Horum
632 370 833 411 virorum
886 368 1040 410 studia
1092 381 1164 409 me
1204 367 1525 416 adduxerunt,
1594 371 1646 408 ut
1707 366 2048 422 investigarem,

344 442 533 497 plurane
579 440 731 482 Stoica
770 439 922 480 libello
953 438 1225 480 Plutarcheo
1253 438 1468 500 inessent.
1503 437 1637 493 Quod
1666 451 1772 479 curn
1800 426 1912 479 mihi
1943 451 2048 493 pro-

342 512 563 560 cessisset,
610 510 987 565 apparuissetque
1031 503 1235 550 libellum
1279 507 1620 563 quodammodo
1663 511 1836 549 scatere
1882 507 2047 550 Stoicis

342 582 596 630 sententiis,
640 580 951 636 quaerendum
991 592 1086 620 esse
1128 578 1366 634 putabam,
1407 577 1620 620 liceretne
1660 578 1746 620 hac
1785 591 1831 619 re
1864 578 2049 634 cognita

344 651 624 706 argumentis
641 650 985 706 Wyttenbachii
1006 650 1288 704 aliorumque
1307 647 1547 690 doctorum
1565 647 1768 690 virorum
1785 648 2046 699 concedere,

342 723 535 778 ideoque
569 721 772 763 libellum
805 721 938 776 plane
968 720 1130 762 ducere
1167 720 1387 775 spurium,
1426 733 1485 761 an
1522 732 1705 773 prorsus
1742 718 1832 760 alia
1861 718 2040 760 ratione

344 794 399 836 de
436 792 764 848 scriptiuncula
800 795 918 833 esset
956 791 1269 833 iudicandum.
1307 790 1492 844 Singula
1525 789 1666 843 igitur
1698 785 2058 844 Wyttenbachis

343 864 625 918 aliorumque
659 866 929 917 argumenta
961 875 1142 903 mecum
1186 861 1340 903 animo
1378 860 1588 902 volutavi
1617 864 1758 914 atque
1795 858 2043 901 aestimavi

342 948 365 976 e
409 947 570 976 norma
613 929 895 987 rationequeg
929 946 1068 987 quam
1097 932 1246 974 fontes
1276 930 1544 985 investigati
1575 930 1686 971 mihi
1717 929 2044 986 praebuerant;

342 1006 499 1059 itaque
526 1003 735 1059 perspexi
765 1002 1177 1058 Wyttenbachium
1211 1016 1303 1044 non
1324 1001 1471 1043 solum
1495 1000 1821 1042 vehementius
1851 999 1899 1041 in
1917 989 2077 1041 libe1-'

343 1076 439 1117 lum
472 1088 568 1116 esse
607 1074 856 1122 invectum,
898 1073 977 1115 sed
1010 1073 1151 1115 etiam
1182 1073 1278 1114 eius
1308 1076 1525 1114 naturam
1556 1084 1720 1126 parum
1750 1065 2043 1112 intellexisse.

403 1146 529 1201 Quae
561 1149 718 1187 autem
749 1148 794 1185 et
827 1144 883 1185 de
915 1143 1121 1185 fontibus
1152 1147 1197 1184 et
1231 1143 1286 1184 de
1319 1142 1595 1184 auctoritate
1625 1141 1764 1182 libelli
1797 1154 1903 1196 pro„
1925 1139 2042 1181 virili

344 1220 474 1271 parte
494 1215 726 1270 inquisivi,
748 1215 785 1256 si
805 1228 897 1257 non
917 1214 1041 1256 omni
1062 1213 1210 1268 pretio
1230 1217 1555 1268 momentoque
1576 1225 1725 1253 carere
1747 1211 2041 1259 videbuntur,

344 1286 555 1342 gaudebo
574 1299 722 1341 neque
742 1285 927 1327 omnino
947 1297 1133 1340 operam
1151 1284 1392 1338 oleumque
1411 1296 1483 1324 me
1503 1282 1749 1338 perdidisse
1769 1281 2043 1323 arbitrabor.
