2228 3366
1039 220 1092 262 13

180 347 418 386 auctorem
461 355 554 384 non
600 340 740 383 fuisse
792 338 1236 396 „syncretistam’'‚¹)
1285 337 1366 379 sed
1411 337 1497 379 hoc
1542 335 1707 378 saltem
1752 335 1906 377 libello

179 418 428 470 praecepta
455 413 611 456 Stoica
638 412 856 468 pleraque
884 411 1145 467 protulisse.

239 485 442 528 Profecti
473 488 583 526 sunt
617 483 676 526 ab
706 483 761 525 iis
793 482 903 525 locis
936 481 1181 537 parallelis,
1215 479 1383 535 quibus
1417 479 1729 535 Quintilianus
1763 478 1906 534 Chry-

178 556 364 613 sippum
395 555 679 598 nominatim
711 554 870 596 affert:

537 625 826 668 Plutarchus.
1204 622 1530 678 Quintilianus.

472 698 529 740 de
560 697 817 739 nutricibus
851 707 876 749 3
909 695 939 737 d
971 709 1007 737 e.
1263 694 1298 744 Ι,
1337 707 1374 743 1,
1409 706 1437 748 4
1473 694 1526 748 (I,
1564 706 1601 743 1,
1637 694 1725 748 22).

1263 766 1298 815 I,
1337 778 1374 814 1,
1413 765 1479 807 16.

471 840 528 883 de
560 838 861 894 castigatione
897 838 922 880 8
955 837 986 879 f.
1259 837 1295 886 Ι,
1331 849 1371 890 3,
1410 848 1476 891 14.

175 912 356 968 Quibus
397 911 508 954 locis
551 911 674 952 inter
716 924 762 952 se
807 909 1103 965 comparatis,
1150 909 1371 964 quoniam
1416 912 1610 963 apparet
1653 912 1904 962 utrumque

175 984 451 1040 scriptorem
492 986 741 1039 praecepta
782 986 904 1023 certe
945 980 1169 1023 nonnulla
1209 994 1267 1022 ex
1306 980 1469 1022 eodem
1511 979 1639 1021 fonte
1679 979 1903 1029 hausisse,

174 1054 302 1098 haud
333 1054 528 1097 dubium
563 1058 648 1103 est,
686 1053 798 1109 quin
831 1053 945 1094 item
976 1052 1053 1094 alii
1074 1051 1176 1101 loci,
1200 1051 1368 1107 quibus
1393 1051 1668 1101 Plutarchus
1690 1055 1736 1093 et
1760 1051 1905 1106 Quin—

175 1126 367 1169 tilianus
399 1125 563 1169 eadem
598 1125 778 1175 volunt,
815 1137 872 1166 ex
905 1123 1069 1166 eodem
1103 1123 1232 1165 fonte
1267 1122 1589 1178 profluxerint.

235 1197 363 1240 Haec
388 1201 548 1240 autem
573 1197 696 1238 inter
720 1209 767 1238 se
793 1195 1074 1238 conferenda
1098 1199 1228 1236 sunt:

411 1268 701 1310 Plutarchus.
712 1271 721 1278 '
1198 1266 1527 1322 Quintilianus.

351 1339 408 1383 de
440 1339 677 1382 sodalibus
711 1351 736 1392 3
770 1338 802 1381 f.
1264 1338 1299 1387 Ι,
1338 1350 1375 1387 1,
1411 1350 1451 1392 7.

349 1411 406 1454 de
438 1410 717 1468 paedagogis
750 1423 778 1465 4
810 1424 849 1452 a.
1262 1410 1281 1451 Ι
1336 1422 1374 1458 1,
1410 1409 1450 1450 8.

335 1482 407 1538 (de
439 1482 673 1538 magistris
706 1494 734 1536 4
765 1495 803 1524 e.
1261 1481 1297 1530 Ι,
1336 1481 1500 1535 1‚10).

317 1593 321 1596 .
353 1554 410 1597 de
442 1554 649 1610 requiete
683 1565 709 1609 9
741 1567 779 1595 c.
1263 1553 1299 1602 I,
1335 1564 1375 1605 3,
1411 1552 1451 1594 8.

335 1625 408 1681 (de
441 1625 621 1668 artibus
653 1625 922 1667 liberalibus
955 1637 981 1679 7
1015 1638 1053 1666 c.
1268 1625 1304 1673 Ι,
1343 1623 1864 1676 10,1,cf.I,1o,15

319 1697 407 1739 «de
438 1696 592 1739 indole
626 1709 650 1739 2
684 1710 721 1738 c.
1259 1695 1294 1744 Ι,
1333 1708 1370 1744 1,
1407 1696 1466 1750 2).

232 1768 400 1812 Variae
430 1768 537 1810 hinc
567 1768 780 1810 oriuntur
810 1767 1117 1822 quaestiones.
1152 1767 1240 1822 Qui
1272 1766 1517 1821 Chrysippi
1547 1765 1719 1815 libello,
1751 1779 1775 1807 e
1807 1779 1900 1820 quo

172 1844 368 1896 uterque
391 1839 562 1888 hausit,
587 1842 687 1881 erat
711 1838 903 1881 titulus?
933 1838 1023 1880 Cur
1047 1838 1173 1894 apud
1199 1838 1502 1880 Plutarchum
1520 1851 1614 1880 non
1631 1837 1903 1881 nominatur

175 1909 488 1967 Chrysippus?
527 1910 689 1952 Cetera
723 1914 985 1965 praecepta,
1022 1923 1141 1965 quae
1176 1909 1302 1965 apud
1337 1909 1678 1965 Quintilianum
1712 1922 1806 1950 non
1838 1908 1902 1950 le-

174 1985 360 2038 guntur,
375 1995 433 2023 ex
451 1981 614 2023 eodem
634 1981 875 2037 Chrysippi
897 1981 1016 2023 libro
1034 1981 1204 2023 hausta
1223 1985 1332 2022 sunt
1352 1995 1412 2023 an
1431 1994 1488 2022 ex
1508 1980 1623 2023 alio?
1644 1981 1711 2022 Ne
1724 1980 1897 2022 multa:

174 2052 252 2096 ad
289 2057 681 2096 tractatum
722 2052 1217 2095 Plutarcheum
1256 2057 1445 2094 recte
1484 2052 1901 2107 intellegen-

174 2123 323 2167 dum
376 2128 535 2166 ante
588 2123 729 2166 alia
780 2123 1266 2165 definiendum
1317 2128 1436 2173 est,
1491 2137 1659 2179 quae
1712 2123 1900 2165 ratio

175 2194 233 2237 ei
299 2195 810 2237 intercesserit
863 2207 1004 2237 cum
1063 2195 1453 2251 Chrysippo
1510 2209 1579 2237 ac
1635 2195 1899 2236 ceteris

177 2266 630 2323 philosophis
688 2266 966 2309 Stoicis.

236 2337 546 2394 Chrysippum
593 2342 751 2380 autem
786 2338 1040 2394 permultos
1074 2338 1214 2381 libros
1248 2338 1481 2394 scripsisse
1516 2338 1817 2393 cognovimus
1851 2342 1898 2379 et

176 2408 362 2454 aliunde
373 2413 421 2451 et
437 2422 462 2451 e
479 2409 705 2464 catalogo,
722 2423 860 2464 quem
876 2410 1131 2452 DIOGENES
1149 2411 1389 2452 LAeRTIUS
1413 2410 1535 2465 (VII,
1556 2410 1627 2465 89)
1646 2408 1895 2463 tradidit.2)

178 2479 268 2523 Sed
306 2479 381 2523 hic
420 2480 659 2535 catalogus
699 2481 891 2523 mutilus
931 2485 1022 2523 est:
1069 2481 1350 2536 „logicorum
1392 2481 1580 2537 quidem
1620 2481 1775 2531 index,
1818 2484 1898 2537 qui

225 2647 256 2684 1)
303 2647 356 2677 Cf.
375 2647 543 2684 Dvuorr,
561 2657 594 2685 p.
614 2648 695 2684 258:
713 2649 787 2685 „Es
801 2649 847 2678 ist
864 2648 1038 2678 demnach
1055 2649 1152 2678 nicht
1169 2649 1372 2686 notwendig
1389 2650 1443 2679 bei
1464 2650 1517 2679 Ps.
1533 2650 1741 2680 Plutarchos
1758 2659 1799 2680 zu
1816 2650 1897 2680 dem

177 2699 496 2730 Auskunftsmittel
520 2700 581 2730 des
605 2701 871 2739 Synkretismus
895 2711 937 2731 zu
961 2703 1104 2739 greisen,
1128 2702 1281 2732 sondern
1305 2712 1340 2732 es
1363 2704 1450 2733 lasst
1474 2703 1547 2733 sich
1571 2703 1651 2732 dem
1676 2704 1790 2733 Autor
1813 2704 1898 2733 oder

176 2753 290 2784 seiner
310 2754 458 2790 Vorlage
477 2754 554 2784 eine
573 2763 662 2791 ganz
681 2755 886 2785 bestimmte
906 2756 1190 2794 philosophische
1213 2757 1393 2793 Richtung
1412 2757 1646 2793 zuerkennen,
1666 2758 1821 2787 namlich
1841 2758 1896 2786 die

177 2806 240 2836 der
257 2807 352 2836 alten
371 2807 468 2843 Stoa,
486 2808 614 2838 welche
632 2809 803 2838 zwischen
822 2809 1031 2839 Aristoteles
1048 2809 1120 2838 und
1142 2810 1335 2847 Kynismus
1352 2810 1407 2839 die
1426 2811 1528 2840 Mitte
1546 2810 1669 2840 hielt.''

223 2860 256 2898 2)
307 2859 735 2898 ZELLER—WELLMANN,
758 2862 823 2891 Die
846 2862 1069 2900 Philosophie
1091 2863 1152 2892 der
1172 2863 1343 2893 Griechen
1366 2864 1435 2900 111,
1460 2873 1488 2900 1,
1529 2873 1626 2901 1909,
1648 2873 1681 2902 p.
1705 2874 1757 2901 43.
