2280 3366
0 800 12 840 ἴ

0 925 11 944 ι

0 949 29 976 .>‘

255 983 372 1028 Cum
412 983 462 1026 in
501 996 555 1025 eo
596 982 697 1032 sim,
731 986 785 1024 ut
818 982 1108 1025 defendenda
1139 995 1243 1024 mea
1273 981 1589 1037 disputatione
1620 980 1776 1023 studia
1807 994 1917 1023 aea-⁷

195 1053 376 1105 (lemica
406 1054 662 1103 absolvam,
700 1053 848 1096 facere
882 1068 972 1096 non
987 1048 992 1055 ’
1007 1068 1208 1110 possum,
1233 1053 1344 1109 quin
1363 1053 1535 1108 gratias
1555 1067 1690 1108 agam
1710 1053 1764 1095 iis
1784 1052 1908 1102 viris,

196 1125 277 1183 qui
306 1125 487 1168 litteras
518 1139 591 1167 me
626 1125 897 1168 docuerunt.
937 1125 1170 1182 Imprimis
1205 1125 1443 1168 clarissimi
1474 1125 1736 1178 W‘OLTJERI
1759 1124 1911 1166 Patris

145 1195 149 1200 ’
194 1197 419 1240 memoria
468 1197 743 1241 celebranda
791 1201 875 1260 est.
929 1197 1011 1240 Cui
1062 1197 1174 1253 quid
1208 1196 1420 1252 discipuli
1458 1196 1673 1246 debeant,
1707 1196 1738 1238 ii
1770 1196 1909 1238 modo

195 1268 459 1325 intellegere
477 1273 687 1325 possunt,
707 1269 786 1324 qui
803 1269 899 1311 eius
917 1269 1083 1312 scholis
1099 1269 1425 1311 interfuerunt.
1446 1268 1549 1324 Qua
1564 1272 1664 1311 erat
1682 1268 1907 1318 doctrina,

196 1339 447 1397 discipulos
476 1340 706 1384 incitabat
739 1340 799 1383 ad
826 1340 1105 1383 industriam
1126 1354 1136 1391 ;
1174 1344 1227 1383 ut
1255 1344 1354 1382 erat
1380 1339 1632 1390 modestus,
1658 1353 1735 1382 eos
1757 1339 1910 1395 prohi-

126 1403 138 1414 Χ
194 1411 338 1464 bebat
370 1426 399 1455 a
432 1412 622 1455 iuvenili
659 1412 926 1463 insolentia;
961 1412 1234 1455 stimulabat
1265 1412 1449 1462 inertes,
1487 1411 1734 1454 cohibebat
1766 1411 1910 1454 nimia

195 1487 423 1539 petentes,
483 1483 736 1526 imbecillos
787 1483 1108 1534 confirmabat,
1158 1484 1400 1526 imbuebat
1444 1497 1603 1528 omnes
1647 1483 1910 1526 litterarum

195 1554 471 1598 Latinarum
498 1569 668 1598 amore.
698 1556 764 1598 Ut
795 1556 893 1611 ipse
920 1560 1018 1598 erat
1052 1556 1194 1598 animi
1221 1556 1350 1597 'firmi
1379 1555 1743 1610 constantisque,
1776 1555 1845 1597 ita
1868 1555 1909 1596 ei

194 1638 344 1670 sermo
382 1631 483 1670 erat
525 1627 756 1677 remissus,
793 1627 995 1677 sedatus,
1033 1628 1197 1683 ciuque
1231 1627 1372 1669 verbo
1407 1627 1503 1668 vim
1537 1641 1669 1669 suam
1701 1627 1909 1669 tribuens

126 1693 128 1700 ’
193 1711 251 1761 ea
279 1698 575 1749 auctoritate,
611 1712 729 1754 quae
760 1699 981 1749 efficeret,
1011 1703 1064 1741 ut
1098 1699 1277 1741 nullum
1306 1699 1499 1740 verbum
1524 1712 1618 1741 non
1646 1702 1908 1754 penetraret

126 1795 127 1798 =
194 1769 244 1812 in
283 1770 462 1812 animos
502 1783 648 1825 usque
689 1784 861 1820 eorum,
902 1771 980 1826 qui
1014 1770 1281 1813 audiebant.
1317 1770 1486 1812 Omnia
1513 1770 1754 1826 postulans
1790 1784 1818 1813 a
1844 1784 1907 1821 se,

195 1840 348 1884 multa
373 1841 644 1897 postulabat
673 1841 733 1884 ab
761 1841 876 1891 aliis,
903 1841 1172 1897 indulgebat
1201 1855 1309 1884 vero
1331 1841 1697 1884 adulescentium
1716 1842 1906 1885 viribus.

193 1910 265 1954 Ne
295 1911 466 1956 multa:
500 1917 600 1955 erat
626 1913 860 1969 magister,
891 1913 1020 1956 cuius
1049 1927 1185 1958 nemo
1212 1913 1542 1969 discipulorum
1563 1927 1772 1969 unquam
1796 1914 1909 1957 obli-

195 1983 410 2035 viscetur,
441 1980 580 2040 quem
609 1998 693 2040 ego
729 1998 914 2041 quoque
942 1989 1077 2040 grata
1104 1986 1325 2028 memoria
1358 1998 1538 2041 semper
1565 1999 1831 2042 prosequar.

254 2055 518 2101 Secundum
552 2060 734 2112 patrem
770 2060 825 2098 tu
862 2057 1165 2112 appellandus
1189 2071 1251 2108 es,
1279 2057 1526 2099 clarissime
1544 2057 1785 2111 WOLTJER
1807 2058 1907 2109 Fili,

123 2128 128 2139 ‘
195 2131 433 2182 promotor
488 2128 890 2178 aestumatissime,
915 2177 924 2187 κ
942 2129 1018 2184 qui
1060 2142 1153 2172 non
1190 2129 1338 2171 solum
1380 2129 1578 2171 Graecas
1615 2129 1796 2172 litteras
1835 2144 1908 2172 me

195 2197 406 2251 docuisti,
451 2199 532 2242 sed
569 2199 712 2242 etiam
749 2200 797 2242 in
833 2200 1076 2243 scribenda
1119 2200 1435 2256 disputatione
1475 2201 1542 2244 ita
1585 2214 1765 2257 semper
1795 2202 1908 2244 mihi

195 2268 401 2320 adfuisti,
455 2275 508 2312 ut
558 2270 799 2327 nunquam
844 2271 1015 2314 frustra
1062 2272 1286 2314 auxilium
1328 2276 1463 2314 tuum
1505 2272 1812 2328 implorarem,
1854 2279 1907 2317 ut

193 2353 375 2399 semper
427 2342 669 2386 consilium
713 2347 848 2385 tuum
896 2343 1010 2385 mihi
1054 2348 1238 2399 praesto
1276 2348 1410 2394 esset,
1462 2344 1627 2386 domus
1679 2349 1762 2387 tua
1792 2346 1907 2388 mihi

195 2415 390 2468 pateret,
425 2417 490 2463 ut,
519 2413 629 2457 licet
658 2414 888 2470 permulta
919 2419 1004 2458 tua
1036 2414 1206 2465 officia,
1243 2416 1393 2458 Patris
1424 2415 1612 2458 decessu
1639 2420 1792 2467 aucta,
1828 2418 1909 2460 vix

193 2483 278 2527 tibi
311 2484 362 2528 id
393 2485 709 2535 concederent,
747 2490 906 2531 tamen
931 2500 1035 2529 meo
1052 2487 1272 2543 opusculo
1290 2500 1490 2530 vacares.
1512 2488 1633 2543 Quid
1652 2488 1904 2541 doctrinae,

193 2555 397 2606 consilio,
445 2556 709 2612 diligentiae
734 2558 844 2600 'tuis
880 2558 1092 2611 debeam,
1138 2572 1211 2600 me
1254 2573 1495 2616 nunquam
1525 2559 1778 2602 obliturum
1810 2575 1906 2603 esse

194 2625 283 2668 tibi
317 2640 586 2682 persuasum
612 2632 727 2671 esto.

256 2697 345 2740 Pro
390 2699 484 2741 tuis
534 2713 718 2756 quoque
766 2701 946 2751 scholis,
987 2701 1234 2744 clarissime
1275 2703 1512 2755 GEESINK‚
1551 2703 1629 2758 qui
1666 2703 1906 2746 historiam

197 2768 527 2826 philosophiae,
550 2771 761 2827 logicam,
786 2773 1130 2829 psychologiam
1147 2788 1219 2816 me
1237 2774 1449 2826 docuisti,
1470 2775 1642 2830 gratias
1661 2775 1747 2818 tibi
1766 2789 1907 2831 quam

193 2852 422 2884 maxlmas
456 2855 557 2898 ago,
