2228 3366
961 227 1019 272 77

131 353 272 412 ἰσχύς.
320 349 530 393 Eandem
562 349 654 391 fere
685 347 1077 390 enumerationem
1111 345 1386 388 Plutarchus
1418 344 1607 400 praebet
1641 343 1710 386 De
1741 342 1850 386 fort.

130 438 176 480 p.
207 422 304 480 991:
337 424 390 468 οὐ
420 424 598 482 χρυσίον
625 424 652 480 ἡ
689 423 896 479 φρόνησίς
925 422 1041 466 ἐστιν
1075 419 1380 477 οὐδ’ἀργύριον
1405 419 1504 463 οὐδὲ
1538 420 1562 462 δ
1582 420 1605 463 ὁ
1625 419 1649 472 ξ
1669 435 1712 472 α,
1747 418 1850 461 οὐδὲ

129 499 424 550 πλοῦτος,
471 494 561 539 οὐδ’
597 495 847 553 ὑγίεια,
896 492 989 537 οὐδ’
1038 491 1236 550 ἰσχύ’ς,
1284 492 1384 536 οὐδὲ
1431 492 1689 542 κάλλος.

189 565 366 610 Eodem
385 565 542 618 capite
556 579 600 620 p.
620 574 672 618 5e
701 564 766 606 ait
793 569 890 610 νοῦν
920 567 967 605 et
986 566 1037 609 λό
1045 562 1188 622 γονιίη
1208 561 1405 603 hominis
1421 565 1590 603 natura
1607 559 1853 616 praecipua

129 650 247 688 esse:
269 651 470 694 quocum
489 636 754 679 conferatur
770 636 839 677 De
856 635 961 677 fort.
981 648 1024 690 p.
1045 634 1148 689 98e:
1168 635 1206 678 εἰ
1240 635 1298 692 μὴ
1331 652 1353 678 ν
1372 652 1394 678 0
1412 637 1435 676 ῦ
1454 651 1476 678 ν
1506 635 1615 691 μηδὲ
1658 639 1684 676 λ
1699 634 1722 678 ό
1742 650 1772 690 γ
1788 651 1811 677 ο
1824 651 1848 677 ν

121 714 155 757 ’ὁ
183 713 422 768 ἄνθρωπος
453 713 596 768 ἔσχεν,
631 709 753 754 οὐδὲν
792 710 840 753 ἂν
859 709 1045 766 ’διέφερε
1074 711 1137 764 τῷ
1172 707 1252 765 βίῳ
1281 709 1366 751 τῶν
1399 707 1591 763 θηρίων;
1627 702 1697 746 De
1713 704 1850 745 sanit.

130 780 307 826 tuenda
358 794 402 836 p.
451 780 595 835 124b:
652 781 865 838 ἀγροίκου
912 781 1028 831 τινὸς
1078 780 1139 830 ὡς
1188 779 1373 834 ἀληθῶς
1420 778 1552 831 ἐστιν,
1601 775 1680 821 καὶ
1710 793 1731 820 ν
1750 795 1773 820 ο
1791 780 1852 820 ῢν

132 854 218 899 οὐκ
248 855 425 912 ἔχοντος
459 854 558 897 οὐδὲ
594 854 661 897 λό
682 870 786 909 γον
818 870 861 896 κ.
895 869 932 896 τ.
972 851 1050 906 λ.1)

192 922 417 979 Exempla
436 922 619 965 Periclis
637 926 683 963 et
703 921 1027 963 Demosthenis
1050 920 1165 976 (cap.
1188 919 1273 968 IX,
1295 933 1338 974 p.
1361 918 1453 974 6d),
1475 917 1643 974 quibus
1662 921 1854 960 ornatur

133 993 431 1051 praeceptum
467 994 696 1036 orationes
732 992 1067 1048 extemporales
1102 1005 1198 1034 esse
1236 989 1467 1045 vitandas,
1498 990 1612 1032 item
1641 989 1857 1044 leguntur

134 1066 289 1110 Praec.
306 1066 417 1121 reip.
435 1079 525 1121 ger.
543 1079 587 1121 p.
606 1065 712 1118 803f
725 1069 771 1106 et
788 1065 857 1106 De
873 1068 988 1106 sent.
1007 1063 1198 1119 profect.
1215 1063 1261 1104 in
1278 1062 1384 1104 virt.
1404 1076 1448 1117 p.
1467 1062 1562 1104 Soc.
1583 1060 1857 1103 Demosthe-

133 1151 240 1180 nem
261 1138 311 1180 in
334 1136 530 1180 vitanda
553 1137 759 1179 oratione
783 1135 939 1178 subita
962 1140 1008 1177 et
1034 1135 1228 1177 fortuita
1248 1134 1467 1176 Periclem
1487 1133 1727 1175 imitatum
1743 1144 1857 1182 esse,

134 1213 188 1252 ut
220 1209 309 1259 hic,
342 1209 412 1253 ita
443 1208 610 1264 legitur
642 1209 735 1251 Vit.
772 1208 903 1249 Dem.
939 1221 983 1262 p.
1020 1207 1148 1260 85oa.

194 1279 303 1337 Cap.
349 1279 486 1330 XIII,
530 1294 574 1336 p.
606 1279 685 1335 9b:
715 1283 802 1338 ἤδη
835 1281 883 1324 δέ
914 1297 1036 1332 τινας
1060 1281 1154 1337 ἐγὼ
1188 1281 1304 1340 εἶδον
1336 1278 1545 1335 πατέρας,
1578 1278 1646 1330 οἷς
1676 1279 1726 1322 τὸ
1764 1277 1859 1321 λίαν

90 1380 95 1384 -
139 1358 280 1412 φιλεῖν
295 1357 373 1398 τοῦ
388 1355 445 1412 μὴ
466 1358 608 1411 φιλεῖν
624 1353 764 1397 αἴτιον
795 1353 1003 1408 κατέστη,
1028 1349 1234 1392 conferas
1262 1362 1368 1390 cum
1397 1346 1490 1390 Vit.
1529 1347 1628 1390 Cat.
1668 1347 1776 1389 Min.
1811 1361 1855 1403 p.

134 1424 273 1481 777b:
318 1426 552 1470 κινδυνεύει
590 1426 643 1469 τὸ
683 1425 780 1468 λίαν
821 1429 978 1482 φιλεῖν,
1029 1425 1090 1475 ὥς
1122 1440 1228 1480 φησι
1275 1424 1578 1479 Θεόφραστος,
1609 1423 1746 1466 αἴτιον
1781 1424 1860 1466 τοῦ

134 1503 274 1556 μισεῖν
305 1498 527 1555 γίνεσθαι.

195 1566 373 1610 Eodem
391 1567 542 1623 capite
559 1580 603 1622 p.
623 1579 676 1622 9c
693 1566 874 1608 animus
891 1568 1185 1621 comparatur
1210 1578 1315 1606 cum
1340 1577 1450 1606 arcu
1466 1568 1512 1605 et
1529 1563 1648 1619 lyra:
1671 1564 1749 1609 καὶ
1771 1566 1860 1623 γὰρ

117 1642 194 1707 ἱτιὲι
207 1642 319 1695 τόξα
334 1640 414 1685 καὶ
437 1641 518 1692 τὰς
552 1641 687 1697 λύρας
722 1640 907 1696 ἀνίεμεν,
941 1639 993 1683 ἶν’
1034 1639 1248 1683 ἐπιτεῖναι
1277 1638 1547 1695 δυνηθῶμεν.
1583 1635 1702 1677 Item
1734 1632 1889 1691 apud'

138 1710 438 1754 Plutarchum
463 1710 655 1765 legimus
681 1710 753 1752 An
778 1710 837 1751 sit
855 1709 950 1751 seni
969 1708 1150 1764 gerend.
1169 1722 1285 1763 resp.
1306 1721 1350 1763 p.
1372 1719 1503 1763 792c:
1522 1710 1646 1761 τόξον
1664 1710 1739 1766 μὲν
1758 1710 1862 1766 γὰρ,

139 1785 200 1836 ὤς
229 1800 377 1841 φασιν,
403 1784 716 1839 ἐπιτεινόμενον
751 1783 976 1839 ῥήγνυται,
1011 1783 1125 1839 ψυχὴ
1155 1782 1409 1837 δ’ἀνιεμὲνη.

196 1853 365 1897 Versus
405 1852 595 1894 Hesiodi
637 1851 815 1894 laudati
869 1865 912 1907 p.
957 1864 1008 1907 9e
1047 1851 1160 1893 item
1185 1850 1445 1893 afferuntur
1489 1851 1557 1892 De
1591 1849 1782 1905 profect.
1812 1849 1860 1891 in

138 1925 246 1968 virt.
283 1928 400 1967 sent.
439 1938 484 1980 p.
523 1924 619 1980 760.
666 1924 875 1979 Utroque
914 1923 1013 1965 loco
1055 1926 1305 1978 usurpatur
1350 1921 1547 1964 formula
1575 1936 1618 1978 q.
1642 1935 1680 1964 e.
1710 1926 1864 1975 καλῶς

139 1999 324 2056 εἴρηται,

157 2082 161 2087 ·
199 2067 425 2124 Exempla
469 2067 701 2123 Archytae
747 2071 792 2108 et
841 2066 1046 2108 Platonis
1097 2066 1156 2121 (p.
1207 2065 1309 2121 rod)
1360 2065 1675 2121 Wyttenbach
1722 2068 1862 2120 putat

140 2143 328 2196 sumpta
349 2152 445 2181 esse
468 2152 492 2180 e
517 2139 751 2181 Plutarchi
774 2138 889 2180 libro
913 2151 950 2180 c.
976 2142 1010 2180 t.
1050 2138 1117 2179 De
1141 2150 1240 2179 sera
1262 2151 1390 2179 num.
1417 2136 1542 2178 vind.
1569 2151 1612 2192 p.
1638 2146 1721 2189 551
1747 2150 1788 2186 a,
1813 2136 1858 2178 b.

143 2209 219 2253 Ita
243 2210 421 2253 factum
444 2224 538 2254 non
563 2223 658 2252 esse
685 2213 815 2266 patet
841 2223 865 2251 e
891 2209 1073 2251 diversa
1097 2208 1314 2251 narrandi
1340 2209 1531 2257 ratione,
1558 2221 1675 2264 quae
1694 2207 1864 2263 probat

141 2282 212 2325 bis
233 2281 395 2324 eadem
417 2282 478 2324 ab
499 2282 661 2324 eodem
684 2285 870 2324 auctore
894 2281 1039 2323 relata
1061 2294 1171 2323 esse.
1233 2315 1235 2318 .

201 2353 310 2409 Cap.
360 2353 488 2403 XIV,
535 2367 579 2409 p.
630 2353 703 2395 Ios
748 2356 980 2411 σιωπήσας
1018 2356 1091 2412 μὲν
1125 2353 1269 2406 οὐδεὶς
1303 2354 1555 2411 μετενόησε·
1587 2353 1865 2409 λαλήσαντες

142 2427 190 2471 δὲ
217 2430 527 2485 παμπληθεῖς.
561 2425 695 2467 Hanc
727 2425 1007 2467 sententiam
1040 2424 1119 2466 sub
1151 2423 1329 2466 nomine
1359 2422 1591 2465 Plutarchi
1617 2426 1798 2464 exstare
1815 2422 1863 2464 in

143 2488 391 2540 Sententiis
424 2497 613 2539 Maximi
644 2501 691 2538 et
724 2496 915 2538 Antonii
949 2511 993 2552 p.
1028 2496 1131 2551 387,
1164 2494 1479 2551 Wyttenbach
1511 2497 1721 2536 annotat.
1741 2493 1867 2536 Aliis

143 2567 282 2610 verbis
320 2568 428 2611 alibi
467 2581 651 2624 quoque
690 2568 815 2623 apud
856 2567 1156 2610 Plutarchum
1194 2567 1360 2622 legitur
1402 2566 1486 2621 (De
1525 2565 1660 2608 sanit.
1700 2565 1861 2607 tuend.

146 2652 190 2695 p.
216 2638 356 2692 215d;
381 2638 438 2681 de
463 2639 629 2695 garrul.
678 2653 722 2695 p.
771 2639 909 2695 5141).
959 2639 1064 2683 Veri
1106 2638 1250 2680 simile
1294 2642 1362 2679 est
1411 2637 1701 2692 sententiam.
1746 2650 1867 2692 quae

145 2709 291 2766 apud.
311 2710 565 2754 Maximum
589 2715 635 2753 et
661 2711 916 2754 Antonium
940 2711 1124 2766 legitur,
1150 2723 1173 2751 e
1200 2709 1434 2752 Plutarchi
1458 2709 1597 2752 libelli
1623 2709 1868 2751 oriundam

193 2884 225 2922 1)
272 2883 324 2914 ef.
343 2884 468 2914 Amsr.
489 2883 592 2914 Polit.
611 2889 636 2927 η
657 2891 709 2922 15,
727 2893 762 2922 p.
783 2884 894 2922 133⁴b
914 2891 966 2921 15.
