2228 3366
55 31 83 66 f*
96 59 105 68 .
122 37 183 67 fi?

32 78 39 85 ,

921 628 1122 671 CAPUT
1186 628 1249 670 II.

191 760 271 808 De
310 760 579 819 Chrysippi
622 764 718 819 περὶ
757 763 1072 819 παιδοτροφίας
1106 759 1231 805 libro
1263 758 1544 804 Plutarchei
1575 758 1726 804 libelli
1758 757 1913 804 fonte.

496 978 517 1030 ξ
552 988 590 1017 1.
654 975 745 1031 Qui
785 975 836 1017 cle
876 975 1074 1029 sontibus
1116 974 1254 1016 libelli
1295 974 1628 1030 inquisiverint.

257 1094 350 1141 Ubi
371 1108 520 1140 sermo
542 1099 612 1137 est
635 1094 691 1138 de
715 1094 923 1138 fontibus
945 1094 1101 1143 libelli,
1126 1094 1182 1136 de
1205 1108 1298 1149 quo
1321 1094 1514 1151 agimus,
1539 1107 1647 1138 mox
1673 1092 1919 1150 apparebit

198 1171 382 1223 praeter
413 1166 504 1210 alia
535 1166 766 1222 agendum
798 1179 895 1207 esse
928 1165 984 1208 de
1018 1165 1281 1208 CHRYSIPPI
1318 1165 1457 1207 Stoici
1493 1164 1753 1222 philosophi
1786 1163 1919 1213 libro,

198 1238 275 1294 qui
318 1231 436 1281 liber
477 1237 616 1294 priori
659 1237 780 1293 parti
818 1228 1087 1281 'Plutarchei
1129 1241 1361 1280 tractatus
1403 1236 1647 1279 materiam
1675 1228 1918 1292 praebuit.

200 1309 302 1352 Hoc
322 1313 482 1352 autem
501 1309 654 1365 capite
675 1309 933 1365 ostendam,
957 1323 1049 1364 quo
1070 1309 1209 1351 titulo
1228 1308 1303 1351 ille
1324 1308 1570 1364 Chrysippi
1590 1307 1920 1363 liber—periit

198 1380 323 1423 enim
352 1406 411 1411 -—
440 1381 770 1432 inscriberetur
799 1385 846 1422 et
879 1394 998 1436 quae
1032 1380 1309 1422 Plutarchus
1340 1393 1396 1421 ex
1429 1393 1482 1421 eo
1514 1379 1734 1421 hauserit.
1769 1379 1922 1420 Antea

200 1465 310 1495 vero
337 1452 619 1497 enumerabo
646 1465 738 1507 eos,
770 1452 849 1508 qui
880 1452 936 1495 de
967 1452 1175 1495 fontibus
1204 1451 1345 1495 libelli
1374 1451 1730 1507 inquisiverunt.

258 1521 616 1567 WYTTENBACH
647 1515 740 1566 non
771 1523 885 1566 data
916 1524 1104 1580 quidem
1136 1537 1276 1579 opera
1306 1523 1362 1566 de
1394 1523 1603 1565 fontibus
1633 1522 1741 1577 egit,
1774 1534 1922 1577 neque

199 1595 244 1640 in
263 1595 595 1652 disputatione,
613 1609 754 1653 quam
771 1596 1104 1638 commentario
1122 1609 1205 1637 suo
1223 1595 1475 1650 praemisit,
1496 1608 1589 1650 qua
1606 1593 1924 1650 disputatione

200 1666 443 1713 ostendere
470 1671 666 1710 conatus
691 1671 762 1710 est
788 1667 995 1710 libellum
1023 1681 1050 1710 a
1078 1667 1327 1710 Plutarcho
1354 1666 1581 1722 scriptum
1607 1679 1701 1708 non
1727 1679 1839 1714 esse,
1868 1664 1924 1707 de

201 1738 257 1784 iis
287 1738 432 1783 verba
463 1738 587 1788 fecit,
620 1738 701 1782 sed
732 1743 891 1781 tamen
921 1738 969 1781 in
1001 1738 1335 1780 commentario
1368 1737 1623 1793 permultos
1653 1737 1776 1780 locos
1807 1736 1926 1779 indi—

200 1809 343 1859 cavit,
371 1810 454 1866 qui
482 1809 624 1853 alium
652 1809 924 1866 scriptorem
951 1809 1223 1853 redolerent.

259 1881 614 1928 GUDEMANNUS
647 1881 822 1937 primus
854 1881 1210 1931 demonstravit,
1245 1895 1339 1938 qua
1372 1881 1448 1923 via
1478 1880 1686 1923 eundum
1718 1883 1851 1930 esset,
1872 1883 1925 1920 ut

193 1952 262 1998 >ad
290 1956 471 2002 certum
501 1952 644 1996 finem
675 1952 903 2008 perveniri
935 1957 1104 2008 posset.
1139 1936 1485 1995 Animadvertit
1516 1952 1640 1995 enim
1662 1953 1694 2007 1)
1728 1952 1783 1995 iis
1814 1951 1926 2008 ipsis

200 2023 326 2075 locis,
369 2037 485 2081 quos
528 2024 764 2067 Plutarchi
805 2024 919 2066 liber
961 2037 1229 2067 communes
1270 2024 1412 2067 habet
1455 2038 1561 2067 cum
1605 2024 1923 2080 QUINTILIANI

204 2095 506 2141 Institutione
554 2095 782 2147 Oratoria,
832 2095 1079 2151 aliquoties
1110 2109 1279 2139 nomen
1314 2096 1576 2138 CHRYSIPPI
1609 2095 1712 2151 legi,
1744 2108 1801 2138 ex
1835 2108 1928 2149 quo

202 2165 387 2223 c‘ollegit
434 2171 687 2223 utrumque
735 2172 974 2211 auctorem
1006 2172 1053 2210 et
1087 2167 1158 2210 his
1190 2167 1301 2210 locis
1333 2171 1380 2209 et
1414 2167 1528 2216 aliis,
1563 2167 1731 2223 quibus
1763 2165 1926 2208 eadem

204 2238 299 2284 fere
328 2243 524 2295 uterque
555 2239 743 2289 diceret,
776 2239 882 2282 licet
915 2253 1083 2282 nomen
1116 2239 1360 2295 Chrysippi
1393 2239 1707 2295 Quintilianus
1738 2238 1803 2281 ibi
1835 2251 1927 2281 non

203 2310 408 2360 afferret,
441 2323 498 2352 ex
531 2310 694 2353 eodem
728 2311 856 2353 fonte
889 2311 1111 2360 hausisse,
1144 2324 1168 2352 e
1203 2311 1450 2367 Chrysippi
1482 2310 1654 2352 scilicet
1687 2310 1806 2351 libro
1838 2309 1926 2358 cui,

202 2381 436 2428 immerito
478 2381 683 2438 quidem,
726 2386 779 2424 ut
822 2395 931 2425 mox
976 2381 1236 2432 ostendam,
1280 2382 1472 2424 titulum
1499 2382 1637 2423 fuisse
1664 2385 1802 2438 putat
1828 2382 1926 2439 περὶ

201 2455 365 2500 παίδων
400 2456 601 2512 ἀγωγῆς.

264 2524 554 2580 Exquisitius
571 2525 678 2567 huic
695 2524 758 2566 rei
778 2537 967 2580 operam
987 2524 1116 2567 dedit
1136 2525 1305 2567 ADOLF
1323 2526 1529 2567 DYROFF
1550 2526 1580 2579 2)
1603 2524 1697 2580 qui,
1719 2523 1928 2566 nondum
1987 2507 2006 2525 ³

205 2595 390 2651 cogm’to
420 2595 713 2639 Gudemanni
743 2609 894 2652 opere,
925 2596 1090 2638 eodem
1121 2596 1213 2638 fere
1243 2600 1451 2652 ternpore
1480 2596 1604 2638 idem
1635 2595 1926 2652 perspexit,³)

252 2697 282 2734 1)
335 2697 371 2727 P.
393 2698 541 2728 Cornelii
563 2698 676 2728 Taciti
699 2699 869 2735 Dialogus
889 2698 932 2728 de
954 2699 1165 2728 Oratoribus
1189 2700 1284 2735 1894.
1304 2700 1459 2737 Prolegg.
1478 2709 1510 2737 p.
1530 2699 1658 2735 XCIX,
1674 2700 1727 2729 ed.
1747 2700 1807 2729 alt.
1828 2707 1927 2734 1914,

202 2759 224 2790 p
250 2759 292 2842 Ξῖ,
334 2803 398 2833 Die
424 2803 535 2834 Ethik
558 2805 620 2835 der
644 2806 739 2835 alten
765 2805 862 2842 Stoa,
890 2806 1006 2835 Berlin
1035 2806 1132 2842 1897,
1159 2815 1192 2844 p.
1220 2807 1283 2843 238
1307 2816 1386 2844 sqq.

252 2858 283 2895 3)
332 2857 426 2888 lbid.
448 2866 482 2895 p.
506 2859 569 2894 238
591 2858 672 2888 adn.
696 2867 726 2889 2.
