2228 3366
0 0 97 186 ”“[“Ἶ

974 229 1029 279 75

148 369 174 399 e
201 355 365 400 Stoicis
392 355 587 411 scriptis,
617 355 691 397 hic
719 354 809 397 illic
838 358 996 397 tamen
1026 353 1330 396 Plutarchum
1354 353 1507 409 ipsum
1528 366 1613 395 sua
1626 352 1867 394 inseruisse

117 426 121 430 ‘
149 431 197 471 et
214 427 310 470 veri
337 426 486 470 simile
515 430 585 469 est
611 430 657 469 et
684 440 823 482 supra
849 425 1267 468 demonstrabatur.
1302 425 1428 481 Quae
1446 424 1702 480 disiungere
1719 423 1778 466 ab
1794 423 1863 473 iis,

149 511 268 556 quae
308 497 616 554 desumpserit
659 502 821 540 auctor
849 510 874 539 e
902 498 1044 547 fonte,
1089 510 1374 553 quamquam
1411 496 1459 540 in
1495 496 1761 538 universum
1794 499 1864 536 est

149 569 492 619 difficillimum,
522 570 680 612 insunt
726 574 884 612 tamen
927 568 1165 620 nonnulla,
1211 581 1342 624 quae,
1379 581 1485 611 cum
1530 567 1638 610 alibi
1683 578 1866 622 quoque

149 641 276 699 apud
307 641 609 684 Plutarchum
637 641 861 696 legantur,
891 640 1094 683 auctoris
1115 639 1301 695 propria
1318 652 1417 681 esse
1434 639 1694 682 videantur.
1718 638 1867 693 Quem

138 726 424 757 »consensum
448 713 517 760 ita
549 712 749 768 explicat
786 711 1116 767 Wyttenbach,
1151 715 1204 753 ut
1236 710 1451 766 opinetur
1470 710 1609 752 libelli
1631 714 1867 752 auctorem

150 784 234 827 hos
277 784 402 827 locos
431 784 677 840 sumpsisse
720 797 744 825 e
790 782 1024 826 Plutarchi
1060 782 1201 824 libris.
1244 782 1470 829 Profecto.
1497 785 1550 824 ut
1575 782 1644 824 ita
1669 781 1863 823 arbitra-

149 860 290 905 retur,
317 869 424 898 eum
449 855 641 911 cogebat
687 855 854 910 opinio,
901 868 1042 911 quam
1082 854 1139 896 de
1176 853 1331 896 libello
1363 853 1580 896 habebat.
1613 852 1728 895 Cum
1757 866 1867 894 vero

151 927 401 971 viderimus
428 940 512 969 nec
539 931 701 982 postea
729 926 870 968 visuri
898 940 990 968 non
1019 926 1161 968 simus
1189 925 1561 981 reprehensiones
1586 924 1683 966 eius
1709 923 1863 966 debili-

151 999 243 1042 tari
308 1011 454 1054 posse,
524 1012 630 1040 cum
685 1011 820 1053 porro
866 998 985 1040 infra
1024 996 1384 1039 demonstraturi
1412 997 1569 1038 simus
1615 996 1870 1038 orationem

150 1064 354 1114 auctoris
410 1074 511 1112 tam
564 1074 663 1112 arte
708 1069 768 1112 ad
804 1069 1039 1112 Plutarchi
1074 1069 1330 1111 orationem
1364 1081 1410 1110 se
1446 1067 1690 1123 applicare,
1727 1072 1780 1109 ut
1815 1081 1870 1109 ea

151 1155 335 1198 quoque
361 1141 583 1197 probetur
606 1141 813 1183 libellum
839 1141 1074 1184 Plutarchi
1099 1154 1242 1182 manu
1266 1140 1491 1195 scriptum
1515 1153 1625 1189 esse,
1641 1139 1871 1182 nunciam

145 1212 284 1256 'nobis
322 1226 490 1269 ponere
526 1212 633 1255 licet
671 1212 835 1255 horum
873 1204 1077 1255 locorum
1115 1211 1511 1267 propinquitatem
1548 1210 1871 1266 explicandam

151 1297 248 1328 esse
278 1283 400 1334 inde,
435 1283 563 1340 quod
594 1284 778 1340 utrique
810 1298 868 1326 ex
900 1284 1043 1339 ipsius
1077 1283 1311 1326 Plutarchi
1344 1283 1521 1325 calamo
1550 1282 1872 1338 profluxerint.

140 1380 151 1394 .=
210 1356 379 1400 Versus
410 1354 643 1411 Euripidis
677 1355 833 1411 (Hipp.
867 1356 987 1410 424),
1019 1369 1134 1411 quos
1163 1354 1324 1397 laudat
1355 1368 1455 1410 cap.
1490 1354 1550 1404 II,
1585 1369 1628 1410 p.
1656 1367 1719 1404 rc,
1744 1353 1871 1410 apud

155 1427 456 1470 Plutarchum
492 1427 708 1482 leguntur
745 1428 813 1469 De
851 1426 957 1482 aud.
998 1431 1118 1482 poet.
1159 1441 1203 1482 p.
1244 1427 1339 1469 280.

213 1497 697 1541 HlstonaArchldami
714 1499 829 1554 (cap
851 1498 912 1549 II,
927 1513 971 1554 p.
990 1498 1062 1554 1d)
1077 1499 1190 1540 1tem
1203 1498 1370 1553 legitur
1383 1498 1476 1541 Vit
1491 1498 1607 1553 Ages
1602 1498 1740 1553 ilaip.
1751 1497 1869 1553 596f.

213 1569 323 1626 Cap.
369 1570 435 1613 IV
474 1584 518 1626 p.
554 1570 601 1613 2f
626 1573 706 1617 καὶ
746 1574 832 1630 γὰρ
862 1574 912 1617 τὸ
944 1573 1055 1629 ἦθος
1087 1573 1192 1623 ἔθος
1224 1571 1319 1615 ἐστὶ
1350 1573 1649 1629 πολυχρόνιον,
1682 1571 1875 1621 καὶτὰς

140 1643 327 1700 »ἠθικὰς
369 1643 528 1700 ἀρετὰς
576 1644 734 1696 ἐθικὰς
783 1646 832 1688 ἄν
864 1661 929 1696 τις
963 1644 1090 1701 λέγῃ,
1122 1644 1203 1687 οὐκ
1237 1645 1286 1687 ἄν
1318 1660 1361 1686 τι
1391 1646 1660 1700 πλημμελεῖν
1693 1643 1870 1695 δόξειεν.

155 1713 295 1756 Plane
348 1713 543 1756 eandem
597 1714 1027 1769 interpretationem
1085 1713 1213 1754 verbi
1271 1727 1315 1768 q.
1360 1725 1398 1754 e.
1441 1715 1555 1770 ἦθος
1600 1712 1873 1754 Plutarchus

154 1784 345 1841 praebet
375 1785 445 1827 De
473 1785 590 1827 Virt.
620 1798 733 1827 mor.
765 1797 809 1839 p.
840 1785 1005 1839 443c.1)
1713 1823 1716 1830 ,

215 1855 423 1899 Historia
466 1855 662 1912 Lycurgi
710 1856 825 1911 (cap.
874 1855 939 1898 IV
982 1869 1025 1911 p.
1072 1855 1144 1910 3a)
1191 1855 1334 1897 etiam
1376 1859 1592 1898 narratur
1635 1854 1872 1910 Apophth.

157 1927 324 1970 Lacon.
352 1941 396 1983 p.
423 1937 522 1980 225.
551 1927 678 1969 Haec
703 1926 1099 1983 apophthegmata
1123 1927 1275 1982 spuria
1301 1940 1397 1968 esse
1423 1927 1510 1969 viri
1536 1926 1661 1969 docti
1687 1931 1872 1982 putant,

117 2033 123 2037 .
155 1997 238 2042 sed
270 1998 354 2041 has
388 1999 674 2041 narrationes
710 1998 949 2054 plerasque
985 2003 1195 2054 sumptas
1230 2011 1326 2040 esse
1361 2012 1385 2039 e
1423 1998 1657 2041 Plutarchi
1693 1998 1875 2054 scriptis

157 2070 344 2126 insuper
386 2070 476 2113 alio
519 2070 647 2112 fonte
691 2070 914 2119 adhibito,
961 2070 1046 2113 sibi
1093 2083 1360 2126 persuasum
1403 2070 1630 2125 habent.²)
1679 2069 1875 2125 Lycurgi

157 2141 350 2184 historia
377 2140 558 2184 duobus
586 2141 734 2184 modis
762 2142 809 2184 in
839 2141 1245 2197 apophthegmatis
1274 2146 1502 2191 narratur,
1534 2155 1731 2197 quorum
1750 2141 1878 2183 alter

159 2212 398 2269 paululum
433 2212 650 2257 abhorret
687 2213 748 2255 ab
784 2226 838 2255 eo
860 2213 1012 2262 modo,
1038 2227 1130 2269 quo
1150 2213 1195 2254 in
1219 2213 1372 2255 libello
1393 2214 1491 2272 περὶ
1507 2216 1678 2259 παίδων
1692 2216 1877 2272 ἀγωγῆς

157 2283 338 2340 legitur,
362 2283 480 2337 alter
502 2284 635 2340 plane
659 2298 765 2327 cum
787 2298 841 2327 eo
864 2285 1087 2340 congruit.
1115 2285 1278 2327 Nonne
1301 2284 1422 2327 hunc
1445 2284 1662 2327 narrandi
1686 2283 1878 2326 modum

159 2359 322 2399 auctor
348 2355 531 2398 illorum
559 2356 1008 2412 apophthegmatum
1037 2356 1263 2398 invenerit
1295 2356 1419 2412 apud
1451 2355 1751 2398 Plutarchum
1780 2355 1876 2397 sive

149 2427 204 2470 ⁴in
238 2426 327 2470 hoc
359 2426 525 2477 libello,
561 2427 657 2470 sive
691 2427 800 2470 alibi
833 2428 880 2470 in
914 2428 1086 2483 scripto
1118 2441 1212 2471 non
1246 2432 1443 2477 servato,
1464 2427 1609 2469 villum
1642 2440 1699 2469 ex
1733 2426 1878 2469 altero

160 2497 288 2541 fonte
321 2497 578 2541 addiderit?

220 2569 316 2625 Cap
339 2570 381 2613 V
403 2584 447 2626 p.
475 2570 535 2624 3d
559 2574 720 2613 auctor
744 2571 809 2613 ait
835 2571 1101 2613 convictum
1125 2584 1221 2612 esse
1247 2571 1378 2626 quasi
1402 2570 1708 2612 intentionem
1732 2583 1877 2626 quan-

161 2639 271 2683 dam
293 2640 639 2685 benevolentiae
651 2655 661 2692 ;
686 2642 812 2698 quod
834 2643 976 2685 etiam
1000 2655 1219 2698 apparere.
1242 2643 1290 2685 in
1313 2642 1566 2684 bestiarum
1590 2641 1701 2692 vita.
1741 2641 1878 2684 Cuius

209 2777 242 2816 1)
289 2777 392 2816 Quod
417 2778 461 2808 ad
484 2779 699 2810 sententiam
723 2780 768 2810 cf.
794 2772 883 2816 Leo,
909 2789 942 2817 p.
971 2780 1051 2817 1835
1076 2780 1200 2810 Amsr.
1228 2779 1310 2809 Eth.
1338 2780 1474 2810 Nicom.
1511 2779 1539 2809 B
1565 2789 1598 2817 p.
1627 2788 1711 2817 1103
1738 2789 1769 2817 a,
1795 2778 1878 2810 Eth.

162 2830 252 2870 Meg.
274 2831 305 2862 A
325 2840 359 2870 p.
384 2833 504 2869 1186a,
527 2832 610 2863 Eth.
634 2833 724 2864 Eud.
748 2834 776 2863 B
797 2842 832 2871 p.
857 2842 976 2864 1220a.

208 2884 242 2924 2)
290 2885 342 2916 Cf.
366 2885 591 2924 Wmssmm„
613 2895 647 2924 p.
672 2888 726 2923 60,
750 2887 864 2924 Hem,
886 2896 920 2925 p.
947 2888 1028 2924 1673
1050 2886 1350 2917 ernust-Somno
1373 2886 1423 2924 11,
1449 2879 1496 2924 1⁵,
1520 2895 1553 2925 p.
1579 2887 1654 2924 389.
