2228 3366
818 660 1211 703 PROOEMIUM.

203 792 407 835 ·Maximi
445 792 671 835 momenti
709 796 756 834 et
796 792 1012 848 ponderis
1050 805 1147 834 esse
1186 791 1433 834 liberorum
1471 792 1794 835 educationem
1832 799 1878 836 et

154 863 503 906 institutionem
530 863 735 919 antiquis
761 863 855 905 iam
882 877 1153 919 persuasum
1179 867 1293 913 erat,
1322 867 1368 905 et
1397 864 1667 919 praesertim
1695 865 1879 907 Graecis

153 937 319 982 παίδων
361 934 441 977 illa
476 938 635 994 ἀγωγή
665 934 761 976 sive
793 938 968 981 παιδεία
1003 935 1034 990 1)
1065 948 1199 977 curae
1226 939 1340 984 erat,
1369 935 1540 990 quippe
1568 949 1686 990 quae
1712 936 1878 979 liberos

152 1006 278 1050 iusto
313 1006 498 1049 nomine
534 1010 883 1065 καλοκαγάθους
923 1006 1111 1048 reddere
1149 1006 1506 1049 existimaretur.
1559 1007 1874 1063 LYCURGUM2)

154 1077 364 1134 Spartae,
425 1077 622 1120 Athenis
681 1077 955 1132 SOLONEM3)
1018 1077 1279 1132 accepimus
1336 1078 1661 1120 educationem
1701 1078 1878 1134 legibus

151 1152 448 1205 temperasse,
489 1162 595 1191 cum
637 1149 947 1204 perspicerent
987 1162 1265 1204 magnopere
1304 1149 1524 1190 interesse
1563 1150 1626 1191 rei
1667 1150 1876 1205 publicae

150 1219 267 1263 bene
287 1219 513 1275 gerendae
534 1219 658 1262 cives
679 1220 883 1275 optimae
904 1219 1178 1262 eruditionis
1200 1220 1447 1276 participes
1468 1233 1578 1262 esse.

212 1291 308 1334 Nec
330 1290 593 1347 philosophi
616 1305 804 1346 operam
826 1305 920 1335 non
943 1291 1185 1341 dederunt,
1201 1296 1254 1333 ut
1277 1292 1493 1341 rationes,
1511 1292 1679 1347 quibus
1702 1297 1876 1335 rectam

149 1362 475 1405 educationem
507 1362 595 1405 niti
629 1366 878 1418 oporteret,
914 1363 1261 1406 adumbrarent.
1299 1363 1663 1419 PYTHAGORAs4)
1702 1365 1877 1419 primus

149 1433 490 1490 philosophiam
519 1433 764 1476 subiecisse
796 1434 966 1476 dicitur
997 1434 1356 1477 fundamentum
1386 1434 1675 1477 educationis
1706 1436 1876 1479 doctri-

147 1517 259 1556 nae;
298 1509 462 1561 postea
501 1505 663 1547 PLATo
699 1509 746 1547 et
785 1505 1120 1548 ARISTOTELES
1158 1510 1333 1548 certam
1371 1506 1609 1561 quandam
1647 1507 1875 1549 rationem

147 1580 507 1632 composuerunt
548 1576 900 1632 paedagogices;
943 1590 1103 1619 eorum
1145 1590 1253 1619 vero
1294 1577 1414 1627 libri,
1458 1578 1728 1633 praesertim
1770 1578 1875 1621 libri

147 1647 405 1698 PLATONIS,
451 1660 546 1690 non
598 1651 698 1690 tam
749 1652 964 1704 spectant
1024 1648 1084 1690 ad
1138 1662 1298 1690 eorum
1337 1653 1601 1704 temporum
1642 1650 1873 1692 educandi

143 1718 350 1768 modum,
385 1732 527 1775 quam
560 1719 784 1774 praebent
816 1719 1065 1775 imaginem
1098 1719 1328 1775 perfectae
1350 1720 1693 1775 educationis.⁵)
1721 1722 1873 1777 Quam

144 1789 261 1834 bene
299 1789 656 1846 sophistae
690 1790 843 1832 meriti
877 1791 969 1833 sint
1004 1790 1060 1832 de
1095 1795 1194 1832 arte
1229 1790 1552 1847 paedagogica,
1590 1805 1739 1847 nuper
1759 1807 1803 1835 v.
1826 1793 1871 1835 d.

151 1860 390 1904 GUNNING
420 1861 813 1916 demonstravit.⁰)
1255 1904 1267 1913 ,

211 1931 348 1975 Multi
381 1936 540 1975 autem
573 1932 778 1988 antiquis
811 1933 1098 1988 temporibus
1132 1933 1411 1989 scripserunt
1441 1934 1498 1977 de
1525 1934 1803 1978 educatione
1824 1940 1870 1978 et

154 2002 468 2054 institutione,
505 2004 627 2046 inter
659 2018 775 2060 quos
812 2004 841 2047 S
860 2009 880 2046 t
901 2005 1031 2047 oici
1067 2004 1334 2060 philoso
1353 2005 1462 2060 phi
1499 2006 1700 2061 primum
1717 2006 1870 2049 locum

114 2073 362 2118 -·obtinere
400 2075 641 2131 videntum
682 2075 762 2118 sed
799 2089 957 2119 omnes
993 2076 1085 2117 fere
1121 2089 1281 2118 eorum
1316 2077 1434 2127 libri,
1473 2091 1671 2133 quorum
1706 2078 1870 2121 titulos

112 2166 117 2175 ν
148 2145 347 2188 LORENZ
385 2146 717 2190 GRASBERGER
753 2147 988 2203 collegit7),
1030 2147 1262 2203 perierunt
1290 2152 1337 2190 et
1360 2162 1534 2204 paucae
1556 2153 1747 2191 tantum
1768 2150 1870 2191 reli-

147 2217 284 2274 quiae
328 2218 512 2261 saecula
557 2223 849 2274 superarunt.
898 2219 1087 2261 Praeter
1145 2219 1463 2274 QUINTILIANI
1517 2220 1869 2263 Institutionem

147 2287 424 2339 Oratoriam,
458 2303 576 2345 quae
609 2290 716 2333 licet
755 2289 1042 2346 praesertim,
1063 2294 1116 2332 ut
1137 2290 1234 2345 ipse
1256 2290 1423 2333 titulus
1444 2291 1636 2341 indicat,
1656 2296 1869 2335 versetur

190 2414 222 2452 1)
271 2414 324 2445 De
345 2415 471 2445 horum
492 2416 748 2445 vocabulorum
768 2425 835 2446 usu
857 2416 900 2445 cf.
925 2416 961 2445 L.
986 2416 1250 2453 GRASBERGER,
1274 2417 1474 2454 Erziehung
1495 2417 1567 2446 und
1591 2417 1796 2461 Lfnterricht
1818 2419 1868 2447 im

143 2467 360 2498 klassischen
377 2469 592 2502 Alterthum.
611 2469 805 2506 Wiirzberg
823 2470 920 2506 1866,
939 2470 987 2506 II,
1004 2479 1037 2507 p.
1058 2479 1071 2499 1
1090 2478 1167 2507 sqq.

187 2521 220 2559 2)
271 2521 381 2552 Ριυτ.
403 2522 486 2560 Lyc.
510 2531 567 2559 13:
586 2511 630 2553 τὸ
644 2518 722 2566 γάρ
739 2516 827 2553 ὅλον
845 2517 908 2553 καὶ
928 2520 1010 2553 πᾶν
1030 2521 1101 2565 τῆς
1116 2513 1345 2566 νομοθεσίας
1359 2517 1475 2567 ἔργον
1503 2518 1556 2559 εἰς
1583 2516 1655 2566 τὴν
1688 2519 1864 2556 παιδείαν

139 2567 278 2617 ἀνῆψε.

187 2628 220 2665 3)
266 2628 320 2659 Cf.
341 2627 599 2666 WAeusmn-u,
623 2629 843 2659 Hellenische
864 2622 1227 2660 Alterthumskunde2
1247 2631 1282 2660 11
1302 2633 1399 2668 1843,
1421 2640 1453 2668 p.
1477 2632 1541 2668 367
1560 2640 1636 2669 sqq.

185 2682 220 2719 4)
266 2681 320 2712 Cf.
339 2681 599 2719 Wumsuuru,
618 2683 666 2719 ΙΙ,
685 2692 718 2720 p.
739 2692 802 2720 349
818 2692 895 2721 sqq.

119 2751 122 2753 Δ
186 2734 220 2772 5)
266 2735 321 2765 Cf.
343 2734 376 2772 J.
400 2735 436 2765 P.
459 2735 657 2773 MAHAFFY,
678 2735 746 2765 Old
766 2736 880 2775 Greek
901 2736 1102 2766 Education
1126 2738 1222 2773 1881,
1245 2747 1277 2775 p.
1302 2747 1363 2767 112
1384 2747 1461 2775 sqq.

184 2788 218 2825 6)
267 2787 303 2818 C.
324 2788 360 2818 P.
380 2788 573 2825 Gonnum,
592 2790 644 2819 De
662 2790 837 2827 Sophistis
855 2790 1022 2820 Graeciae
1040 2791 1331 2828 praeceptoribus
1352 2799 1448 2828 1915,
1468 2800 1501 2828 p.
1521 2800 1688 2828 91—105.

186 2842 218 2879 7)
266 2851 298 2871 ο.
315 2842 337 2871 l.
356 2841 404 2878 11,
422 2850 454 2879 p.
475 2851 527 2878 11,
544 2843 598 2872 cui
614 2843 874 2874 enumerationi
891 2843 984 2873 addo
1003 2844 1183 2874 Pulroms
1200 2845 1334 2874 IUDAm
1353 2838 1435 2888 περὶ
1458 2838 1690 2880 παιδεύσεως
1720 2845 1865 2881 1ibrum;

138 2894 182 2924 ef.
204 2895 381 2932 Hmnon„
401 2895 443 2924 de
463 2895 526 2925 vir.
545 2896 605 2926 inl.
629 2906 680 2933 11,
701 2897 804 2927 Sum.
825 2906 851 2927 S.
872 2907 904 2927 v.
932 2891 1071 2929 Φίλων.

181 2969 216 2999 S.
1795 2984 1809 3004 ι
