2228 3366
923 220 981 266 49

156 341 212 387 In
232 332 432 385 t'riadem
453 327 826 396 paedagogio-am,
848 353 877 382 a
901 338 1149 381 Plutarcho
1172 351 1271 393 cap.
1296 349 1325 391 4
1345 335 1619 392 expositam,
1646 337 1814 392 Dyroff

95 412 368 473 exquisitius
387 411 685 467 investigavit
697 411 744 467 ;¹)
770 425 911 467 quarn
932 423 1118 453 manare
1139 423 1163 451 e
1186 409 1339 452 Stoica
1360 408 1570 451 doctrina
1592 407 1811 451 ostendit.

96 483 171 528 Ad
206 483 336 527 cuius
372 487 645 539 argumenta
681 482 961 526 affirmanda
997 480 1241 524 nonnullos
1277 480 1400 522 locos
1436 479 1657 528 exscrib0‚
1698 493 1813 536 quos

96 555 171 599 ille
199 555 368 598 omisit.
389 555 546 597 xAlteri
574 555 662 596 loci
691 567 784 610 quo
813 553 990 596 facilius
1020 555 1345 607 comparentur
1373 565 1479 593 cum
1508 550 1676 600 alteris,
1709 550 1815 593 Plu-

97 626 246 671 tarchi
277 626 420 669 verba
451 640 698 682 apponam.

248 697 370 740 Plut.
403 711 503 754 cap.
537 710 565 752 4
597 712 640 753 p.
676 710 744 740 2a.

163 916 378 959 Καθόλου
413 915 491 970 μὲν
522 914 677 966 εἰπεῖν,
713 915 736 956 ὃ
767 914 886 957 κατὰ

38 999 44 1002 ”
98 990 215 1031 τῶν
261 989 494 1043 τεχνῶν
536 986 613 1029 καὶ
661 990 745 1028 τῶν
796 985 885 1027 ἐπι-

101 1061 274 1116 στημῶν
311 1058 452 1115 λέγειν
485 1057 723 1113 εἰώθαμεν,
749 1055 888 1100 ταύτὸ

98 1129 177 1175 καὶ
198 1131 319 1174 κατὰ
349 1133 445 1187 τῆς
482 1128 684 1184 ἀρετῆς
724 1127 884 1183 φατέον

101 1201 233 1256 ἐστίν,
298 1201 356 1251 ὡς
425 1200 484 1251 εἰς
547 1201 623 1255 τὴν
693 1202 886 1254 παντελῆ

101 1273 443 1328 δικαιοπραγίαν
474 1273 573 1327 τρία
603 1271 672 1314 δεῖ
705 1271 888 1326 συνδρα-

100 1347 212 1402 μεῖν,
257 1344 424 1402 φύσιν
474 1341 553 1386 καὶ
605 1343 767 1397 λόγον
814 1342 888 1385 καὶ

100 1417 257 1466 ἔθος.
290 1418 419 1459 καλῶ
450 1415 498 1458 δὲ
542 1415 672 1470 λόγον
703 1414 777 1469 μὲν
812 1414 886 1469 τὴν

102 1487 317 1544 μάθησιν,
350 1488 455 1537 ἔθος
489 1486 537 1529 δὲ
576 1486 651 1542 τὴν
687 1487 888 1540 ἄσκησιν.

102 1558 186 1603 εἰσὶ
221 1558 314 1602 δάἱ
344 1559 418 1614 μὲν
464 1556 597 1614 ἀρχαὶ
613 1561 688 1613 τῆς
702 1557 890 1614 φύσεως,

106 1630 152 1674 αἱ
179 1631 227 1674 δὲ
266 1628 492 1686 προκοπαὶ
520 1632 596 1685 τῆς
630 1629 890 1684 μαθήσεως,

106 1696 153 1746 αἱ
190 1693 239 1745 'Se
286 1702 463 1758 χρήσεις
497 1705 573 1757 τῆς
605 1700 809 1756 μελέτης,
846 1699 892 1742 αἱ

103 1772 385 1830 δ’ἀκρότητες
420 1774 606 1816 πάντων.

1030 694 1202 737 Anecd.
1230 707 1391 748 graeca
1430 693 1573 735 Paris.
1615 693 1816 746 ‚Cramer

1030 754 1130 809 v01'.
1170 765 1205 807 1.
1242 779 1285 820 p.
1325 777 1406 820 171
1419 777 1429 814 ;
1456 764 1516 807 ab
1541 764 1702 806 Arnim
1726 764 1814 815 111,

1296 836 1428 891 frgm.
1460 848 1558 890 214.
1618 872 1625 876 .,

1091 910 1406 966 Ἀριστοτέλης
1452 910 1499 953 δὲ
1555 910 1680 966 φύσει
1739 909 1817 953 καὶ

1031 985 1130 1026 ἔθει
1178 981 1252 1026 καὶ
1297 983 1435 1039 λόγῳ
1465 982 1640 1038 ’ἀμέλει
1667 980 1744 1024 καὶ
1777 981 1819 1024 οἱ

1040 1053 1242 1099 Στωικοί·
1261 1054 1431 1110 τέχνη
1453 1071 1482 1109 γ
1501 1053 1606 1108 ἁρὴ
1632 1053 1659 1095 ἀ
1675 1053 1817 1107 ρετή.

1033 1130 1158 1170 πᾶσα
1221 1126 1268 1168 δὲ
1322 1124 1452 1180 τέχνη
1513 1125 1717 1180 σύστημα
1766 1124 1817 1166 ἐκ

1034 1201 1337 1252 θεωρημάτων
1350 1212 1597 1252 συγγεγυμν
1605 1195 1801 1250 ασμένων
1810 1210 1819 1219 ·

1036 1268 1115 1314 καὶ
1158 1270 1278 1312 κατὰ
1323 1267 1398 1323 μὲν
1439 1267 1496 1311 τὰ
1543 1266 1820 1323 θεωρήματα

1036 1343 1058 1385 ὁ
1102 1341 1291 1397 λόγος’
1330 1340 1452 1383 κατὰ
1484 1338 1531 1381 δὲ
1565 1339 1640 1394 τὴν
1682 1355 1821 1394 συγη-

1038 1412 1286 1469 γυμνασίαν
1345 1411 1409 1453 τὸ
1455 1411 1602 1460 ἔθος·
1659 1410 1822 1465 φύσει

1038 1485 1083 1528 δὲ
1094 1485 1249 1533 πάντες
1260 1482 1366 1538 πρὸς
1380 1482 1823 1538 ἀρετὴνγεννώμεθα,

1036 1555 1146 1599 καθ’
1225 1555 1325 1597 ὅσον
1400 1553 1595 1610 ἀφορμὰς
1667 1554 1823 1609 ἐ’χομεν

1038 1644 1083 1669 κ.
1117 1644 1154 1669 τ.
1193 1625 1270 1680 λ.2)

165 1889 411 1944 Compares
450 1880 687 1944 praeterea
726 1887 838 1929 haec
879 1875 1133 1929 Smmcu'
1157 1884 1296 1927 verba
1341 1883 1403 1939 (in
1443 1883 1634 1941 Aristot.
1676 1886 1823 1938 categ.

105 1958 125 2007 f
153 1960 209 2004 62
250 1964 284 2007 Γ
320 1959 408 2012 ed.,
448 1960 571 2010 Bas,
610 1959 670 2002 ab
693 1959 853 2002 Arnim
879 1957 966 2007 III,
991 1954 1123 2012 frg'm.
1150 1946 1277 2011 217);Ι
1310 1957 1406 2000 εκαὶ
1428 1958 1515 2014 γὰρ
1559 1956 1600 1999 οἱ
1623 1957 1710 2000 ἀπὸ
1748 1961 1823 2013 τῆς

106 2035 245 2096 Στοᾶς
278 2034 385 2090 πρὸς
418 2035 494 2090 μὲν
520 2035 599 2084 τὰς
638 2033 794 2089 τέχνας
826 2025 1157 2087 ἐπιτηδειότητα
1185 2030 1317 2087 μόνην
1347 2029 1558 2072 ἀπέλιπον
1577 2029 1651 2084 τὴν
1674 2029 1824 2078 ἁπλῶς

105 2107 268 2154 οὑτωσὶ
321 2105 641 2161 θεωρουμένην,
694 2105 796 2160 πρὸς
841 2105 888 2147 δὲ
932 2105 1011 2154 τὰς
1046 2103 1203 2158 ἀρετὰς
1230 2102 1304 2157 τὴν
1339 2101 1572 2156 ἀξιόλογον
1601 2100 1825 2155 προκοπὴν
1870 2095 1873 2098 ’

107 2177 162 2222 ἐκ
199 2177 368 2235 φύσεως
406 2178 697 2233 προϋπάρχειν
732 2174 1044 2232 ἀπεφήναντο.’

284 2281 405 2324 Plut.
438 2280 548 2324 ibid.
576 2295 618 2336 p.
650 2293 718 2325 2C.

167 2427 204 2470 εἰ
250 2427 299 2470 δέ
341 2442 403 2478 τις
434 2428 578 2471 οἴεται
619 2427 750 2476 τοὺς
793 2425 895 2468 οὐκ

110 2499 173 2542 ἐὖ
207 2498 546 2555 πεφυκότας
578 2497 894 2554 μαθήσεως

1043 2278 1249 2320 Clemens
1276 2276 1347 2319 Al.
1378 2276 1545 2319 Strom.
1577 2275 1613 2325 Ι,
1655 2289 1699 2331 p.
1741 2274 1828 2328 336

1044 2350 1186 2399 Pott.‚
1207 2348 1267 2391 ab
1291 2348 1453 2390 Arnim
1469 2346 1556 2396 III,
1576 2346 1708 2401 frgm.
1726 2355 1825 2399 225.

1071 2425 1130 2467 τὸ
1164 2423 1432 2472 δ’ἄλλους
1463 2420 1584 2476 παρ’
1621 2421 1830 2471 ἄλλους

1044 2496 1093 2538 εὖ
1125 2494 1450 2550 πεφυκέναι
1475 2491 1829 2548 πρὸςάρετὴν

156 2604 188 2642 1)
237 2613 270 2642 p.
288 2613 350 2635 201
366 2613 443 2642 sqq.
460 2613 493 2642 p.
512 2611 576 2640 250
590 2612 667 2642 sqq.
686 2603 738 2633 De
755 2603 867 2634 triade
882 2601 1119 2640 paedagogica
1134 2600 1178 2630 cf.
1193 2600 1215 2630 i.
1234 2608 1263 2629 a.
1282 2599 1316 2628 C.
1336 2599 1373 2628 P.
1390 2598 1582 2634 GUNMNG,
1598 2595 1641 2627 de
1657 2596 1831 2635 Sophistis

111 2657 276 2689 Graeciae
299 2657 599 2695 praeceptoribus,
623 2666 656 2695 p.
684 2665 746 2694 132
770 2665 846 2694 sqq.

156 2712 190 2749 2)
237 2710 289 2741 Cf.
314 2711 416 2742 Pmn.
441 2710 523 2741 Iun.
547 2711 590 2742 de
611 2719 723 2741 somn.
747 2719 781 2748 p.
806 2718 871 2747 590
892 2709 932 2739 b:
961 2700 1032 2750 τὴν
1050 2700 1191 2752 ἀρετὴν
1210 2699 1231 2749 ἢ
1251 2700 1375 2746 φύσει,
1392 2698 1414 2748 ἢ
1433 2697 1594 2747 ἀσκήσει
1611 2697 1633 2747 ἢ
1650 2694 1829 2746 μαθήσει

111 2754 440 2811 ταρὰγὶγνεσθαί
469 2770 591 2805 qam-13
621 2764 664 2795 de
698 2772 827 2801 praem.
863 2766 898 2794 et
931 2771 1032 2800 poen.
1068 2771 1100 2799 p.
1136 2769 1234 2798 9200:
1264 2752 1461 2804 πλήρωμα
1489 2753 1631 2803 ἀρετῶν
1662 2751 1684 2798 ἡ
1712 2750 1831 2799 ψυχὴ

110 2812 173 2850 διὰ
210 2814 322 2862 τριῶν
347 2814 421 2848 τῶν
447 2812 619 2862 ἀρίστων.
650 2811 811 2858 φύσεως,
839 2806 1071 2860 μαθήσεως,
1102 2806 1314 2856 ἀσκήσεως.
1341 2812 1428 2843 Vide
1456 2812 1659 2844 errzxn.
1682 2811 1727 2841 ad
1746 2811 1832 2847 loc.;

113 2873 150 2904 P.
171 2873 408 2907 WENDLAND,
432 2872 522 2903 Berl.
546 2872 668 2903 Philol.
691 2871 811 2902 Woch.
836 2871 933 2908 1897,
955 2877 1007 2907 45,
1030 2870 1094 2899 col.
1119 2869 1215 2906 1384.
1821 2860 1823 2862 ’

155 2945 192 2977 S.
1766 2945 1787 2973 4
