2228 3366
937 201 1019 232 101

121 321 310 378 gesserit
339 335 364 364 e
396 321 654 364 Stoicorum
684 321 825 371 libris,
858 335 917 363 an
947 321 994 363 in
1025 335 1129 365 eam
1159 320 1378 364 inciderit
1410 321 1471 364 ab
1501 321 1590 365 alio
1620 321 1714 364 iam
1744 335 1850 365 con-

121 392 356 450 quisitam,
393 392 520 436 haud
555 392 687 435 facile
726 387 1021 442 diiudicatur,
1062 406 1351 448 quamquam
1386 393 1472 436 hoc
1509 393 1606 435 veri
1657 393 1850 436 similius

108 477 218 521 ‚esse
253 464 451 507 videtur.
490 464 612 507 Nam
649 464 949 508 Plutarchum
983 464 1043 506 ad
1077 464 1343 506 scribendos
1378 478 1434 509 ne
1470 469 1632 507 contra
1668 464 1849 507 Stoicos

122 535 310 599 quidem
338 535 479 578 libros
507 536 609 592 ipsa
640 549 798 578 eorum
829 549 967 592 opera
997 535 1155 591 legisse
1186 536 1259 577 AB
1290 536 1458 578 ARNIM
1489 541 1626 592 putat
1658 536 1849 592 probat-

121 606 264 664 que.²)
312 607 400 664 Qui
441 621 535 650 non
576 607 714 649 fuisse
757 607 958 650 cuiusvis
1000 607 1197 649 hominis
1240 607 1548 663 Chrysippum
1589 607 1735 663 legere
1777 608 1848 650 his

122 675 275 722 verbis
297 678 607 722 demonstrat:
635 680 728 728 „Ut
752 679 893 734 igitur
913 678 1192 721 nostratium
1214 678 1592 735 philosophorum
1614 679 1849 721 doctrinas

123 749 311 807 quidem
361 755 547 800 norunt,
589 751 868 806 quicumque
906 750 1169 792 liberalibus
1208 750 1386 792 artibus
1424 750 1594 793 eruditi
1633 755 1756 800 sunt,
1798 751 1850 792 li-

121 821 229 865 bros
255 822 562 879 quorundam,
593 823 672 878 qui
699 823 884 878 spinosa
911 821 1161 864 disserendi
1188 822 1365 864 ratione
1394 826 1606 872 utuntur,
1635 836 1691 864 ne
1720 822 1848 864 docti

118 893 324 950 quidem,
361 894 430 937 ita
466 893 749 950 Chrysippus
786 907 843 936 ex
878 894 942 936 eis
979 893 1246 936 auctoribus
1287 894 1473 936 videtur
1509 894 1664 943 fuisse,
1706 894 1785 950 qui
1823 908 1850 936 a

122 964 332 1022 plurimis
375 965 664 1008 eruditorum
711 966 897 1008 omnino
928 979 1021 1007 non
1051 965 1310 1020 legerentur
1339 979 1487 1021 neque
1519 966 1580 1008 ab
1608 965 1720 1021 ipsis
1751 965 1850 1021 phi-

122 1035 325 1092 Iosophis
368 1037 455 1079 nisi
499 1036 797 1079 doctioribus.
845 1037 995 1079 Huius
1039 1038 1101 1079 rei
1146 1038 1426 1081 documento
1469 1042 1577 1079 sunt
1623 1037 1849 1079 Ciceronis

124 1107 297 1164 scripta
339 1108 692 1165 philosophica,·
716 1123 834 1164 quae
876 1109 1051 1151 nullam
1093 1109 1299 1164 ipsorum
1343 1109 1585 1165 Chrysippi
1627 1108 1850 1151 librorum

122 1179 342 1223 notitiam
376 1179 594 1236 produnt,
632 1180 912 1223 documento
945 1185 1052 1222 sunt
1091 1181 1285 1224 Senecae
1322 1180 1489 1235 dialogi
1524 1185 1571 1222 et
1606 1180 1847 1236 epistulae,
1912 1230 1914 1233 v

122 1250 292 1308 quibus
348 1265 454 1294 cum
513 1252 746 1294 assiduam
803 1252 1110 1294 recentiorum
1168 1252 1546 1308 philosophorum
1603 1252 1848 1294 lectionem

122 1321 374 1373 redoleant,
401 1323 581 1366 nullum
608 1324 853 1378 vestigium
878 1324 997 1366 inest
1023 1323 1165 1366 studii
1191 1323 1491 1379 diligentioris
1516 1324 1564 1365 in
1591 1322 1848 1379 Chrysippo

121 1393 347 1437 collocati.
383 1394 532 1437 Testis
564 1400 634 1437 est
669 1395 910 1450 Epictetus
942 1395 989 1437 in
1022 1396 1203 1438 Arriani
1238 1395 1490 1451 Epicteteis
1528 1395 1581 1450 (I,
1617 1407 1657 1450 4,
1693 1395 1734 1449 6)
1771 1408 1848 1437 eos

123 1465 383 1509 Stoicorum
412 1466 636 1516 alumnos,
669 1467 747 1522 qui
777 1467 948 1509 multos
978 1467 1220 1523 Chrysippi
1250 1467 1389 1509 libros
1418 1467 1633 1522 legissent
1662 1480 1847 1522 eosque,

122 1537 202 1593 qui
237 1537 334 1580 sine
370 1542 665 1594 praeceptore
703 1538 1011 1594 Chrysippum
1046 1538 1191 1594 legere
1228 1539 1383 1581 animo
1420 1538 1640 1587 valerent,
1679 1538 1766 1580 hac
1801 1551 1848 1579 re

121 1608 353 1652 exsultare
377 1610 536 1653 solitos
561 1624 656 1652 esse
682 1614 925 1666 tamquam
949 1610 1150 1652 multum
1174 1610 1222 1652 in
1246 1611 1474 1666 sapientia
1500 1609 1846 1666 profecissent.”

122 1679 196 1723 Ad
229 1680 537 1738 Chrysippum
571 1686 729 1724 autem
761 1681 892 1737 longe
927 1682 1124 1737 plurima
1158 1686 1404 1737 praecepta
1439 1682 1579 1723 libelli
1612 1681 1849 1723 referenda

121 1764 220 1794 esse
239 1751 471 1803 videntur,
493 1758 657 1809 utpote
679 1754 807 1796 cuius
827 1754 1080 1795 auctoritas
1100 1754 1207 1796 inde
1228 1754 1287 1795 ab
1308 1753 1452 1795 altero
1474 1767 1516 1808 p.
1542 1752 1644 1795 Chr.
1664 1752 1848 1795 saeculo

121 1822 170 1865 in
196 1822 364 1866 scholis
394 1824 658 1867 Stoicorum
685 1838 778 1867 una
806 1825 1055 1880 viguerit.2)
1587 1818 1590 1821 ’
1758 1878 1760 1880 ¹

183 1894 272 1938 Sed
307 1899 356 1938 et
395 1895 486 1938 alia
524 1910 664 1950 causa
702 1901 786 1946 est,
828 1909 910 1938 cur
947 1900 1162 1951 putemus
1204 1896 1506 1939 Plutarchum
1546 1901 1653 1938 ante
1693 1896 1848 1939 oculos

121 1966 335 2010 habuisse
349 1968 582 2024 epitomen
599 1968 849 2023 quandam,
866 1967 1101 2023 „quales'',
1120 1972 1173 2010 ut
1187 1982 1292 2010 cum
1306 1968 1399 2010 v.d.
1414 1968 1486 2010 AB
1501 1968 1670 2010 ARNIM
1681 1968 1846 2017 dicam,

124 2042 202 2089 „et
226 2043 340 2082 tunc
366 2039 618 2095 permultas
644 2039 874 2081 exstitisse
900 2039 1115 2081 credibile
1140 2044 1210 2081 est
1236 2044 1281 2081 et
1308 2053 1390 2082 nos
1416 2039 1683 2082 etiamnunc
1709 2040 1848 2082 habe-

121 2124 225 2153 mus
251 2111 453 2153 DIOCLIS
480 2111 606 2166 apud
634 2111 886 2166 Diogenem
913 2115 959 2152 et
988 2111 1100 2152 ΑΒΗ
1128 2112 1321 2153 DIDYMI
1349 2111 1475 2166 apud
1504 2111 1844 2166 Stobaeum,’'³)

121 2174 496 2225 distributionem
520 2181 636 2225 dico.
665 2182 851 2224 Etenim
874 2196 967 2225 non
990 2187 1059 2224 est
1078 2182 1306 2234 credibile,
1330 2183 1631 2225 Plutarchum
1645 2196 1713 2232 ea,
1729 2196 1848 2239 quae

122 2250 480 2297 aantationum
521 2254 620 2296 vice
661 2254 974 2309 fungerentur,
1017 2254 1085 2296 ita
1126 2254 1458 2310 dispositurum
1500 2254 1653 2304 fuisse,
1698 2259 1750 2297 ut
1791 2255 1847 2297 iis

122 2329 250 2368 certa
305 2325 535 2382 quaedam
591 2325 858 2368 distributio
898 2326 1080 2375 inesset,
1126 2326 1310 2382 qualem
1351 2326 1499 2382 primo
1541 2326 1694 2381 capite
1738 2326 1848 2368 deli-

120 2397 375 2440 neavimus.
409 2397 527 2440 Eam
557 2410 665 2440 vero
694 2398 839 2441 inesse
869 2398 1234 2453 exspectandum
1264 2402 1333 2440 est
1365 2397 1490 2453 operi
1520 2397 1733 2448 hominis,
1766 2399 1847 2454 qui

122 2481 240 2525 quae
274 2468 415 2512 Stoici
448 2468 504 2511 de
531 2474 784 2525 ‘puerorum
816 2468 1090 2511 educatione
1123 2469 1400 2518 docuissent,
1436 2469 1522 2511 sibi
1557 2469 1765 2524 colligere
1798 2470 1848 2512 in

122 2540 277 2584 animo
308 2540 513 2584 haberet.
550 2541 712 2583 Nonne
744 2555 799 2583 eo
830 2540 969 2583 modo
1001 2540 1327 2596 explicandum
1359 2541 1433 2590 sit,
1467 2541 1516 2583 in
1547 2541 1701 2584 libello
1733 2541 1847 2584 nihil

121 2611 224 2668 legi,
261 2611 386 2668 quod
419 2612 697 2655 nominatim
733 2612 908 2655 Stoicos
944 2611 1240 2668 philosophos
1274 2611 1471 2655 indicet?

123 2750 128 2758 ’
169 2758 200 2794 1)
251 2757 293 2787 In
309 2758 418 2795 praef.
437 2758 543 2788 Stoic.
562 2762 633 2788 vet.
652 2759 753 2795 frgm.
773 2758 976 2796 praemissa,
996 2768 1026 2795 p.
1049 2758 1079 2787 X
1097 2768 1173 2796 sqq.

168 2811 200 2847 2)
250 2811 301 2841 Cf.
327 2820 373 2841 ΑΒ
398 2812 536 2847 Aluum,
561 2812 658 2847 ibid.,
684 2821 716 2849 p.
746 2812 861 2842 XVII.

169 2865 201 2902 3)
251 2864 301 2894 Cf.
326 2865 449 2894 Emer.
473 2865 554 2895 diss.
580 2866 648 2901 111,
674 2867 724 2902 16,
749 2875 807 2902 34;
833 2873 883 2901 17,
908 2874 960 2901 40.
