2228 3366
991 201 1047 242 23

225 317 607 374 Haudquaquam
634 323 738 374 post
765 332 833 369 ea,
861 332 981 375 quae
1007 319 1120 369 dixi,
1148 319 1296 362 facere
1323 334 1513 376 possum
1539 334 1647 363 cum
1673 322 1891 377 Dyroffio

165 389 368 432 dicente:
401 390 554 440 „Dasz
583 389 863 446 Chrysippos
890 391 938 433 in
965 391 1046 434 der
1074 391 1244 434 Sehrift
1271 394 1368 450 περὶ
1400 395 1565 439 παίδων
1601 395 1780 453 ἀγωγῆς
1811 394 1893 436 auf

165 460 240 504 die
269 461 497 504 Rhetorik
523 461 622 504 sich
646 462 929 517 eingelassen
955 462 1104 512 hatte,
1132 463 1241 518 geht
1258 471 1352 506 'aus
1378 463 1459 506 der
1486 464 1785 521 Erwahnung
1811 465 1892 507 der

161 535 417 592 χειρονομία
444 533 492 574 in
518 533 753 575 derselben
788 534 963 589 (Quint.
995 534 1030 583 I,
1063 546 1130 583 11,
1162 535 1232 589 17)
1277 535 1447 590 vor.’'¹)
1493 536 1561 577 De
1603 536 1890 580 chironomia

165 603 309 647 verba
343 604 532 660 quidem
569 604 692 654 fecit,
731 609 780 647 at
816 605 955 647 modo
990 605 1047 648 de
1082 605 1414 648 exercitatione
1451 607 1635 662 parvuli
1663 608 1885 663 corporis;

164 689 307 731 quam
347 676 730 719 exercitationem
771 677 878 719 licet
921 677 1084 719 utilem
1125 690 1222 719 esse
1264 677 1319 727 ei,
1364 678 1443 734 qui
1485 682 1647 733 postea
1690 681 1886 722 oratoris

163 760 353 790 munere
387 747 742 798 functurus‘sit,
777 761 913 792 nemo
947 749 1204 804 negaverit,
1239 753 1397 792 tamen
1432 749 1539 791 inde
1574 750 1784 805 colligere
1820 752 1889 794 fas

163 832 257 863 non
275 823 345 861 est
365 818 676 875 Chrysippum
694 819 751 861 de
769 819 998 863 rhetorica
1014 815 1159 876 egisse
1177 821 1405 872 inlibello,
1420 834 1559 876 quem
1574 821 1889 878 Quintilianus

156 889 342 939 laudat,
364 890 491 946 quod
520 890 643 932 ultro
674 891 863 933 minime
899 891 1061 934 fuisset
1096 892 1207 942 eiUS,
1245 892 1324 948 qui
1353 894 1452 951 περὶ
1483 896 1810 953 παιδοτροφίας,
1832 894 1888 936 de

163 961 314 1016 prima
338 960 588 1004 liberorum
613 966 768 1005 aetate
794 963 1028 1006 scriberet.
1056 964 1263 1014 Accedit,
1291 963 1417 1020 quod
1440 977 1590 1020 neque
1617 964 1752 1009 Plato
1777 965 1888 1007 locis

161 1032 302 1076 modo
364 1032 581 1075 indicatis
629 1033 964 1077 chironomjam
1011 1036 1250 1090 coniungit
1297 1049 1404 1078 cum
1451 1035 1680 1078 rhetorica
1738 1050 1887 1092 neque

162 1103 476 1160 Quintilianus
514 1118 617 1147 earn
654 1119 824 1161 magna
862 1106 1068 1149 utilitate
1106 1120 1203 1149 esse
1242 1111 1381 1162 putat
1420 1120 1578 1163 puero,
1618 1108 1698 1164 qui
1724 1112 1888 1164 postea

160 1174 416 1218 rhetoricae
439 1176 668 1219 studebit:
698 1178 770 1227 „A
792 1191 865 1219 me
889 1182 1048 1220 tamen
1072 1192 1156 1223 nec
1179 1178 1303 1221 ultra
1328 1178 1524 1234 pueriles
1548 1192 1694 1222 annos
1718 1180 1886 1224 retine-
1923 1225 1925 1227 ,

164 1245 292 1289 bitur
313 1247 383 1303 (ea
402 1247 661 1304 disciplina)
684 1262 762 1291 nec
782 1248 832 1291 in
850 1249 921 1291 his
940 1249 1057 1305 ipsis
1076 1249 1170 1292 diu.
1193 1263 1342 1305 neque
1361 1249 1484 1292 enim
1496 1254 1678 1305 gestum
1690 1252 1887 1293 oratoris

162 1319 378 1374 componi
416 1319 476 1362 ad
514 1319 866 1373 similitudinem
905 1320 1168 1363 saltationis
1207 1321 1328 1371 volo,
1368 1321 1449 1363 sed
1486 1322 1672 1364 subesse
1711 1322 1887 1378 aliquid

162 1403 221 1432 ex
244 1389 332 1433 hac
355 1391 688 1441 exercitatione
714 1392 891 1447 puerili,
918 1392 1041 1434 unde
1065 1406 1149 1435 nos
1172 1406 1266 1435 non
1289 1392 1337 1435 id
1361 1393 1542 1448 agentis
1566 1393 1729 1436 furtim
1753 1394 1891 1436 decor

161 1460 237 1503 ille
265 1461 550 1504 discentibus
580 1463 782 1506 traditus
813 1464 1206 1519 prosequatur.''²)

219 1532 307 1575 His
321 1533 539 1589 omnibus
556 1535 790 1590 perpensis
809 1539 1003 1590 apparet
1021 1535 1198 1578 nullam
1214 1549 1311 1578 esse
1328 1549 1530 1586 causam,
1549 1550 1631 1578 cur
1647 1550 1888 1579 sumamus

160 1602 470 1660 Chrysippum
514 1605 720 1648 libellum
766 1607 998 1662 scripsisse
1043 1610 1141 1666 περὶ
1184 1611 1350 1654 παίδων
1396 1611 1594 1668 ἀγωγῆς.
1645 1609 1887 1665 Nusquam

160 1674 284 1718 hunc
319 1676 489 1718 librum
525 1677 707 1733 antiqui
743 1682 999 1722 testantur:
1038 1679 1192 1721 locum
1229 1679 1518 1735 Quintiliani,
1556 1680 1678 1722 unde
1715 1679 1884 1722 titulus

160 1746 382 1789 collectus
421 1752 508 1797 est,
551 1748 647 1790 sine
689 1749 831 1791 dubio
873 1750 1100 1805 pertinere
1141 1750 1202 1792 ad
1243 1750 1450 1794 libellum
1491 1751 1677 1796 aliunde
1718 1756 1885 1794 notum

158 1817 490 1861 demonstravi.
519 1819 725 1870 Accedit,
755 1820 879 1876 quod
905 1834 962 1863 ne
989 1822 1237 1864 GALENUM
1263 1822 1466 1878 quidem,
1494 1822 1709 1878 quamvis
1735 1823 1886 1865 titulis

157 1888 380 1932 librorum
410 1890 659 1933 afferendis
689 1891 959 1944 delectetur,
992 1893 1095 1935 libri
1125 1895 1222 1951 περὶ
1263 1896 1429 1941 παίδων
1465 1896 1642 1954 ἀγωγῆς
1690 1894 1886 1937 mentio-

155 1973 264 2002 nem
305 1961 454 2005 facere
492 1962 590 2018 ipse
630 1963 800 2019 Dyroff
837 1964 1069 2006 concedit:
1115 1965 1226 2014 „der
1263 1970 1392 2009 sonst
1432 1965 1519 2008 mit
1561 1965 1884 2008 Biichertiteln

155 2031 285 2074 nicht
298 2033 690 2076 zuriickhaltende
701 2035 842 2077 Galen
849 2049 898 2077 os
915 2036 1154 2091 (erwahnt)
1171 2037 1303 2078 keine
1320 2037 1490 2079 Schrift
1504 2040 1788 2097 π.π.ἀγωγῆς
1798 2072 1805 2079 .
1814 2037 1822 2051 ’
1831 2038 1839 2051 ’
1848 2037 1879 2091 ³)

157 2102 274 2145 Sane
310 2103 511 2147 ScmcK:
550 2105 904 2157 „Schlieszlich”
940 2107 1094 2163 inquit
1149 2108 1304 2158 „steht
1340 2109 1421 2151 der
1456 2109 1885 2164 Nichterwahnung

155 2173 235 2216 des
263 2174 408 2218 Titels
434 2196 479 2222 π.
511 2179 629 2223 παίδ.
652 2180 722 2237 ἀγ.
754 2178 870 2220 eben
899 2178 973 2221 die
1003 2179 1298 2236 Aufzahlung
1322 2180 1404 2223 der
1424 2180 1882 2237 Erziehungsorgane

155 2246 502 2303 gegenfiber,''⁴¹)
539 2248 619 2291 sed
652 2248 772 2292 hanc
804 2251 1201 2294 enumerationem
1234 2256 1347 2294 tunc
1379 2252 1602 2308 temporis
1636 2251 1883 2307 vulgatum

156 2316 297 2360 fuisse
325 2318 479 2361 locum
508 2325 875 2363 consentaneum
907 2323 1030 2378 est.⁵)

149 2516 265 2551 παισὶ
290 2515 353 2551 καὶ
378 2518 567 2553 πλάττειν
594 2519 663 2558 τοὶς
691 2518 825 2567 ψυχὰς
854 2519 977 2555 αὐτῶν
1007 2523 1082 2560 τοῖς
1112 2516 1254 2567 μύθοις
1279 2517 1377 2557 πολὺ
1405 2519 1564 2568 μᾶλλον
1594 2519 1616 2570 ἢ
1646 2523 1695 2558 τὰ
1711 2520 1880 2569 σώματα

150 2570 235 2608 ταῖς
263 2571 411 2619 χερσίν.
441 2577 496 2607 Cf.
521 2578 623 2615 Legg.
646 2587 679 2615 p.
704 2579 812 2614 789E,
835 2579 947 2608 Alcib.
972 2579 999 2615 1,
1021 2589 1054 2616 p.
1081 2580 1188 2609 121D.

200 2628 231 2665 1)
281 2637 316 2665 p.
337 2635 402 2664 277
419 2638 455 2659 n.
478 2639 508 2660 2.

198 2681 230 2718 2)
283 2682 311 2718 Ι,
334 2691 364 2719 1,
386 2691 438 2719 19.

198 2735 230 2771 3)
280 2743 316 2772 p.
337 2735 402 2772 289
420 2745 455 2766 n.
476 2746 507 2773 4.

197 2788 230 2824 4)
281 2797 315 2825 p.
337 2797 378 2824 24
396 2797 430 2819 n.
450 2799 503 2826 43.
524 2790 645 2821 Sermo
662 2795 715 2821 est
734 2791 776 2821 de
795 2792 883 2822 GAL.
903 2793 1007 2830 Quod
1026 2803 1081 2823 an.
1101 2803 1187 2824 mor.
1209 2795 1342 2832 21,1V‚
1363 2797 1427 2832 815
1451 2797 1492 2827 K.

196 2841 229 2878 5)
279 2842 330 2871 Cf.
356 2842 464 2873 Ριυτ.
487 2843 674 2882 Quomodo
694 2844 847 2876 adulesc.
870 2850 964 2884 poet.
987 2847 1066 2877 aud.
1091 2847 1170 2878 deb.
1193 2857 1225 2886 p.
1250 2850 1322 2885 36e.
