2228 3366
997 211 1050 254 71

152 329 559 374 ,rhetoriceeffusa
579 330 829 386 ampulla.''
853 330 956 372 Non
978 329 1096 372 vidit
1118 330 1431 386 Wyttenbach
1450 343 1517 380 ea,
1541 344 1659 386 quae
1680 331 1884 387 ampulla

165 402 245 446 illa
268 402 518 455 contineat,
534 415 717 458 prorsus
741 403 946 445 eiusdem
970 407 1108 446 notae
1133 415 1229 444 esse
1255 416 1307 445 ac
1334 401 1668 458 piaecedentia.
1698 403 1884 445 Etenim

166 473 290 517 idem
326 473 439 516 ordo
472 473 605 516 inest.
647 474 767 516 Nam
799 478 822 521 ὁ
849 478 983 533 λόγος
1005 474 1174 516 dicitur
1192 487 1288 516 esse
1309 477 1419 534 τύχῃ
1442 478 1519 532 μὲν
1546 476 1769 528 ἀνάλωτος
1790 475 1818 517 i.
1842 487 1880 516 e.

166 559 259 589 non
295 545 466 602 pendet
502 559 526 587 e
563 545 750 588 fortuna
785 550 837 588 ut
874 551 1076 602 πλοῦτος
1117 547 1387 605 συκοφαντίᾳ
1407 548 1750 605 δ’ἀναφαίρετος,
1773 545 1885 601 eripi

166 630 260 661 non
287 620 440 673 potest
486 621 539 660 ut
586 622 774 671 πλοῦτος
817 621 864 659 et
907 619 1030 671 δόξα,
1065 630 1183 673 quae
1219 630 1289 659 res
1327 621 1435 659 sunt
1475 617 1732 667 instabiles;
1772 619 1882 672 νόσῳ

167 690 205 737 δ’
211 691 495 748 ἀδιάφθορος,
539 688 710 731 morbis
752 689 977 731 obnoxius
1016 702 1109 731 non
1141 692 1209 730 est
1232 692 1288 730 ut
1313 692 1476 742 κάλλος
1500 693 1547 730 et
1570 691 1741 747 ὑγίεια;
1768 692 1887 747 γήρᾳ

167 763 426 820 ἀλύμαντος,
487 764 723 803 senectute
772 774 862 802 non
919 760 1129 803 aboletur
1167 764 1220 802 ut
1262 762 1398 819 ἰσχύς.
1443 760 1536 810 „Et
1576 759 1688 801 haec
1727 763 1886 802 tamen

167 831 330 874 tribuit
386 838 439 891 τῇ
491 834 746 891 ἀνθρωπίνῃ
800 835 946 891 φύσει,
988 846 1132 888 quum
1174 836 1312 874 antea
1353 834 1411 878 τὰ
1461 834 1719 890 ἀνθρώπινα
1761 830 1886 873 nullo

167 902 323 947 studio
357 903 497 958 digna
533 904 926 959 pronunciasset.''
965 903 1344 959 Haudquaquam
1379 903 1498 945 dixit
1534 906 1591 949 τὰ
1621 905 1886 961 ἀνθρώπινα

167 973 293 1017 nullo
307 974 462 1017 studio
476 988 572 1016 esse
587 974 739 1030 digna,
757 975 836 1017 sed
850 978 908 1021 τὰ
927 979 1039 1022 ἄλλα
1055 981 1142 1022 τῶν
1159 978 1350 1034 ἀγαθῶν
1365 988 1461 1017 esse
1478 977 1887 1034 ἀνθρώπιναῐῑθᾳυθ

165 1045 260 1088 11110
269 1045 423 1088 studio
436 1045 625 1101 digna1).
641 1046 683 1087 Ν
686 1060 745 1088 011
759 1051 865 1089 sunt
887 1046 1009 1089 bona
1029 1047 1233 1090 humana
1253 1052 1350 1100 νοῦς
1362 1050 1409 1088 et
1425 1049 1574 1105 λόγος,
1588 1051 1641 1088 ut
1653 1045 1884 1095 nobilitas,

167 1116 373 1167 divitiae,
411 1117 567 1173 gloria,
607 1118 915 1173 pulchritudo,
954 1118 1142 1168 sanitas,
1180 1118 1322 1160 robur
1331 1131 1339 1168 ;
1378 1118 1519 1160 immo
1557 1118 1789 1173 pertinent
1826 1116 1886 1159 ad

168 1189 376 1232 animum
404 1188 662 1231 humanum
692 1194 738 1231 et
770 1190 1049 1245 sempiterna
1080 1194 1202 1239 sunt,
1235 1193 1288 1232 ut
1320 1193 1450 1245 patet
1481 1203 1540 1230 ex
1570 1189 1656 1231 hoc
1686 1189 1800 1238 loco,
1834 1202 1887 1230 ac

123 1281 130 1287 ·
168 1264 410 1316 propterea
437 1273 496 1302 ex
524 1261 726 1303 auctoris
754 1262 986 1303 sententia
1014 1260 1169 1303 studio
1199 1274 1308 1316 prae
1337 1260 1498 1302 ceteris
1527 1259 1680 1316 digna.

206 1331 335 1388 'Cap
370 1332 416 1375 X
446 1346 490 1388 p.
523 1332 590 1387 7f:
623 1335 673 1379 τὸ
708 1335 754 1378 δὲ
781 1339 875 1386 τοῖς
908 1339 1144 1393 λογισμοῖς
1174 1338 1385 1391 περιεῖναι
1416 1337 1503 1378 τῶν
1533 1335 1701 1391 ἡδονῶν
1731 1336 1896 1391 σοφοῢ,“

165 1406 216 1450 τὸ
261 1406 440 1464 δ’ὀργῆς
468 1411 767 1464 κατακρατεῖν
805 1408 956 1463 ἀνδρὸς
986 1407 1039 1452 οὐ
1076 1410 1152 1451 τοῦ
1184 1408 1390 1464 τυχόντος
1424 1406 1528 1450 ἐστί.
1574 1403 1887 1459 Wyttenbach

168 1474 486 1531 gradationem
516 1490 573 1518 ne
604 1476 826 1519 rhetorice
859 1476 1046 1532 quidem
1076 1476 1248 1518 iustam
1267 1475 1456 1525 iudicat,
1480 1475 1649 1531 quippe
1670 1489 1697 1517 a
1716 1475 1886 1517 maiore

155 1546 230 1607 *ad
259 1548 411 1590 minus
447 1547 783 1603 procedentem.
824 1547 912 1591 Sed
948 1547 1158 1603 gradatio
1184 1547 1254 1589 his
1270 1547 1421 1589 verbis
1439 1547 1624 1589 omnino
1642 1560 1734 1588 non
1751 1546 1884 1589 inest.

169 1618 290 1661 Nam
331 1632 448 1676 quae
474 1619 613 1662 modo
637 1619 826 1662 laudavi
852 1633 958 1662 cum
984 1619 1135 1661 verbis
1161 1618 1540 1674 praecedentibus
1566 1617 1887 1673 coniungenda

167 1694 289 1733 sunt.
334 1691 486 1734 Verba
532 1705 575 1747 q.
595 1705 628 1734 s
662 1693 761 1750 μήτ’
792 1695 836 1737 ἐν
870 1698 970 1744 ταῖς
1005 1691 1271 1750 εὐπραγίαις
1302 1715 1361 1720 —
1388 1692 1622 1748 θηριώδεις
1654 1689 1886 1745 pertinent

167 1761 228 1804 ad
260 1762 401 1805 verba
433 1777 477 1818 q.
513 1777 546 1805 s.
581 1766 631 1808 τὸ
659 1766 733 1823 μὲν
770 1766 856 1821 γὰρ
888 1766 1081 1821 εὐγενῶς
1111 1787 1170 1793 —
1196 1766 1245 1808 οὐ
1274 1767 1351 1808 τοῦ
1372 1765 1580 1821 τυχόντος
1605 1763 1712 1817 ἐστί,
1741 1761 1808 1803 ita
1834 1764 1886 1802 ut

168 1833 255 1876 hoc
284 1833 423 1876 modo
452 1834 574 1876 inter
604 1847 650 1876 se
682 1834 978 1876 cohaereant:

229 1907 280 1952 τὸ
307 1907 354 1951 δὲ
384 1907 594 1964 μέγιστον

222 1978 376 2036 μήτ’ἐν
398 1982 501 2030 ταῖς
541 1979 805 2036 εὐπραγίαις
837 1996 954 2036 περι-
1159 1979 1208 2023 τὸ
1238 1979 1314 2035 μὲν
1350 1979 1436 2037 γὰρ
1464 1979 1659 2035 εὐγενῶς
1687 1975 1888 2035 εὐτυχεῖν

165 2053 335 2108 χαρεῖς,
1101 2051 1271 2107 ἀνδρός,

222 2121 320 2179 μήτ’
341 2123 385 2166 ἐν
400 2125 502 2175 ταῖς
519 2126 764 2179 συμφοραῖς
781 2123 955 2179 περιλύ-
1158 2123 1208 2165 τὸ
1256 2121 1604 2178 δ’ἀνεπιφθόνως
1639 2120 1886 2178 (ἀτυχεῖν>2)

166 2208 273 2243 πους
303 2194 532 2251 ὑπάρχειν,
1098 2193 1269 2250 εὐηνίου
1309 2194 1570 2250 ἀνθρώπου,
1688 2194 1691 2196 ’

222 2264 320 2322 μήτ’
357 2264 400 2308 ἐν
430 2269 529 2318 ταῖς
546 2267 727 2322 ἡδοναῖς
747 2266 952 2317 ἐκλύτους
1157 2267 1207 2309 τὸ
1243 2266 1290 2309 δὲ
1309 2268 1404 2316 τοῖς
1422 2267 1654 2321 λογισμοῖς
1674 2267 1887 2320 περιεῖναι

164 2336 292 2391 εἶναι,
1098 2340 1184 2380 τῶν
1208 2338 1375 2394 ἡδονῶν
1411 2338 1566 2393 σοφοῦ,

224 2408 323 2465 μήτ’
349 2409 392 2452 ἐν
420 2413 522 2460 ταῖς
551 2410 709 2466 ὀργαῖς
738 2410 951 2461 ἐκπαθεῖς
1156 2409 1205 2452 τὸ
1226 2408 1403 2465 δ’ὀργῆς
1415 2408 1722 2463 κατακρατεῖν
1736 2407 1887 2464 ἀνδρὸς

167 2478 246 2524 καὶ
280 2478 539 2538 θηριώδειςζ
1097 2481 1148 2523 οὐ
1180 2484 1259 2523 τοῦ
1285 2480 1491 2536 τυχόντος
1526 2479 1632 2522 ἐστί.

224 2549 343 2591 Bina
377 2549 529 2605 priora
563 2550 770 2592 membra
805 2550 891 2592 hoc
927 2562 1112 2606 quoque
1160 2548 1298 2591 modo
1334 2547 1650 2603 scribuntur:³)

214 2666 230 2688 1
295 2657 387 2688 Vide
440 2681 449 2689 .
499 2668 530 2689 o.
1672 2682 1681 2688 ς

210 2658 244 2748 ²3
292 2667 456 2754 ἄτυχέν
473 2666 611 2742 ἔάάἰᾱὶῖ
630 2711 754 2743 ΟιΛυε
775 2712 994 2743 ΗΕεγοΗιυε
1015 2707 1064 2744 (in
1081 2710 1236 2741 editione
1248 2710 1355 2740 libelli
1370 2718 1462 2740 anno
1479 2694 1562 2747 1705
1579 2708 1716 2747 Lipsiae
1726 2708 1890 2740 inlucem

165 2763 334 2803 proditam
350 2774 412 2803 qui
429 2764 598 2796 adverbio
617 2775 682 2804 q.e.
695 2759 963 2809 ἀνεπιφθόνως
975 2773 1117 2795 sensum
1131 2764 1314 2802 inculpate,
1329 2764 1412 2794 citra
1423 2762 1714 2802 reprehensionem
1727 2761 1889 2793 subiecit.

211 2817 244 2855 3)
293 2817 348 2848 Ab
371 2818 592 2850 HEUMANNO
615 2821 651 2850 et
674 2819 914 2857 compluribus
937 2819 1012 2849 aliis
1033 2818 1240 2856 editoribus,
1265 2825 1416 2855 quorum
1436 2817 1639 2848 coniectura
1662 2816 1737 2861 cod.
1753 2816 1851 2847 Voss.
1869 2824 1883 2845 1

163 2869 343 2903 firmatur.
