2228 3366
96 0 167 17 -.„⁴='‘.‘ff
179 0 223 17 ‘'U-'J-

0 0 62 127 Γ
83 42 86 47 ,
111 15 215 46 ·-2t=<†›·;,·-
235 19 238 22 ·

89 51 91 54 ⁴
104 46 119 56 Ὦ
158 51 159 54 ¹
203 46 208 58 9
227 52 237 58 4,

134 175 142 189 ἰ

125 315 186 368 ad
215 321 525 380 Apollonium,
559 333 707 376 quem-
727 319 898 362 librum
930 333 957 361 a
989 317 1241 360 Plutarcho
1260 316 1497 372 ,scriptum
1526 329 1622 358 esse
1654 315 1719 358 ait
1742 315 1772 370 1)
1807 319 1854 357 et

125 396 214 439 hac
248 393 387 438 laude
422 396 578 436 ornat:
605 392 719 442 „Est
744 391 931 433 omnino
952 389 1157 445 egregius
1179 388 1308 438 liber,
1332 391 1619 443 argumento,
1643 387 1857 429 doctrina

126 471 174 510 et
208 464 448 510 sententiis
484 463 618 520 plane
657 461 1004 511 Plutarcheus‚''
1042 461 1099 503 de
1134 460 1231 502 eius
1267 459 1370 502 dico
1402 459 1505 501 libri
1531 458 1856 503 distributione

128 538 245 582 haec
262 536 397 580 dicit:
422 534 733 586 „Distributio
754 533 973 576 materiae
995 535 1077 575 aut
1100 545 1220 586 vaga
1243 534 1325 573 aut
1346 530 1504 573 nulla”
1526 534 1571 572 et
1594 530 1642 572 in
1663 534 1857 572 annota-

130 608 336 653 tionibus
365 607 426 650 ad
453 621 498 663 p.
531 605 668 648 118d:
702 609 860 655 „totus
888 603 1098 646 libellus''
1133 602 1300 657 inquit,
1334 601 1586 651 „curiosam
1604 601 1728 643 habet
1746 615 1859 644 com-

129 677 480 738 positionem.”2)
500 678 590 720 Cur
606 677 662 719 de
679 690 733 719 eo
751 689 933 732 quoque
950 675 1066 717 libro
1078 688 1170 716 non
1183 674 1295 716 dicit
1308 673 1486 722 eadem,
1502 686 1620 728 quae
1635 672 1691 714 de
1704 672 1862 715 libello

127 752 228 811 περὶ
258 753 428 798 παίδων
455 752 657 808 ἀγωγῆςῑ
705 746 1076 803 „Disputationis
1102 749 1256 802 partes
1279 759 1362 787 suo
1386 757 1595 800 quaeque
1619 744 1786 786 habitu
1809 748 1856 786 et

130 822 270 866 modo
303 822 478 865 alienae
513 824 621 863 sunt
656 834 684 862 a
719 818 954 861 Plutarchi
988 815 1318 860 consuetudine
1353 820 1398 858 et
1433 815 1676 871 ingenio?''

154 928 159 930 .
190 894 246 939 In
278 891 665 949 reprehendenda
706 889 1107 946 argumentatione
1150 887 1512 944 Wyttenbachio
1554 901 1646 929 non
1690 900 1856 943 parum

130 964 385 1009 auxiliatur
416 963 531 1006 illud
564 963 731 1018 ipsum,
769 961 907 1018 quod¹
928 960 1121 1013 libellus,
1158 964 1211 1018 ut
1246 959 1498 1002 ostendisse
1533 959 1646 1001 mihi
1681 958 1856 1008 videor,

129 1049 224 1081 non
245 1039 317 1078 est
338 1035 426 1078 nisi
449 1034 772 1077 adiumentum
796 1033 856 1075 ad
878 1033 1062 1081 librum,
1088 1032 1160 1074 cui
1183 1035 1306 1074 recte
1330 1031 1417 1073 hoc
1439 1044 1608 1072 nomen
1631 1030 1859 1072 attribue-

81 1124 87 1130 ·
131 1112 271 1158 retur,
297 1105 683 1163 componendum.
712 1105 813 1161 Quo
837 1104 1015 1146 factum
1039 1108 1122 1153 est,
1149 1107 1202 1145 ut
1227 1102 1376 1144 multa
1399 1102 1506 1151 sint,
1535 1115 1652 1157 quae
1677 1101 1858 1144 auctori

131 1179 214 1223 vix
241 1178 422 1221 crimini
451 1176 551 1220 dari
581 1175 976 1237 possint4quippe
1008 1179 1112 1217 orta
1140 1174 1200 1217 ab
1228 1173 1324 1216 eius
1355 1173 1497 1223 fonte,
1529 1173 1635 1215 licet
1665 1172 1738 1215 hic
1768 1172 1860 1214 illic

132 1251 229 1296 sine
287 1249 430 1293 dubio
471 1248 746 1292 Plutarchus
786 1261 870 1290 sua
909 1245 1153 1295 addiderit,
1196 1245 1389 1287 mutarit
1431 1258 1548 1300 quae
1588 1244 1857 1294 invenisset,

133 1321 381 1366 memoriae
410 1334 551 1364 causa
576 1319 831 1362 inseruerit.
865 1318 918 1360 In
947 1317 1397 1373 argumentationem
1424 1329 1642 1372 magnam
1670 1315 1861 1371 diligen-

132 1393 252 1437 tiam
290 1407 385 1436 non
425 1391 643 1442 eontulit;
686 1405 795 1433 nam
836 1389 948 1446 quid
987 1390 1035 1431 in
1074 1389 1161 1431 hoc
1200 1388 1355 1430 libello
1395 1387 1736 1443 argumentatio
1769 1387 1861 1429 sibi

135 1464 350 1508 volebat?
381 1463 595 1513 Posthac,
619 1463 665 1505 in
685 1460 1012 1504 conscribendo
1024 1460 1155 1515 libro,
1173 1459 1564 1514 argumentationi
1576 1458 1862 1501 studendum

135 1540 239 1580 erat
266 1535 460 1585 auctori,
480 1535 529 1577 in
546 1533 835 1589 congerenda
850 1532 1046 1575 materia
1061 1545 1151 1574 non
1172 1531 1299 1573 item.
1322 1530 1463 1573 Haud
1499 1530 1730 1573 immerito
1766 1530 1863 1586 ipse

135 1607 236 1651 e'rat
269 1606 606 1664 Wyttenbach:
656 1604 1029 1656 „Sententiolae”
1072 1603 1223 1659 inquit
1269 1616 1392 1652 „non
1435 1606 1543 1646 sunt
1586 1602 1862 1644 invenustae

134 1678 356 1735 singulae,
380 1678 461 1721 sed
483 1677 828 1720 consarcinatae
860 1675 986 1718 nullo
1019 1675 1079 1718 ad
1112 1674 1450 1717 conclusionem
1482 1678 1594 1729 apto
1626 1664 1796 1715 nexu.'³
1876 1671 1878 1675 ’

193 1749 459 1799 Videamus,
486 1748 599 1805 quid
620 1748 669 1791 in
692 1748 897 1790 medium
921 1747 1120 1803 proferre
1146 1746 1386 1802 possimus,
1412 1749 1466 1787 ut
1483 1744 1689 1787 libellum
1707 1744 1863 1789 defen-

96 1847 101 1850 -
135 1821 301 1866 damus
333 1821 395 1864 ab
427 1820 724 1876 argumentis,
759 1833 788 1861 a
820 1818 1180 1875 Wyttenbachio
1212 1818 1258 1859 in
1294 1816 1597 1873 paragrapho,
1634 1829 1752 1872 quae
1785 1820 1854 1858 est

135 1893 194 1936 de
216 1892 632 1949 argumentatione,
659 1890 825 1933 allatis.

158 1998 162 2002 .
196 1964 307 2021 Cap.
347 1964 420 2006 IX
454 1977 499 2020 p.
538 1963 596 2005 6a
631 1961 947 2018 Wyttenbach
983 1960 1049 2003 ait
1085 1965 1322 2003 auctorem
1358 1973 1543 2002 monere
1582 1972 1660 2009 „se
1696 1973 1863 2002 sanam

137 2039 186 2079 et
231 2035 550 2091 incorruptam
595 2036 816 2089 παιδείαν,
848 2046 941 2075 non
976 2025 1275 2088 panegyricas
1308 2045 1454 2086 nugas
1488 2030 1863 2073 commendare.''

97 2109 100 2112 ’
139 2107 268 2167 Haec
294 2120 404 2150 vero
432 2110 596 2149 auctor
619 2119 713 2148 non
738 2109 910 2147 monet.
940 2104 1079 2147 Modo
1104 2103 1217 2146 dicit
1235 2106 1324 2148 δεῖν
1348 2138 1355 2145 .
1381 2138 1388 2145 .
1413 2137 1421 2145 .
1449 2108 1565 2148 τῶν.
1589 2137 1598 2145 .
1623 2137 1630 2144 .
1660 2121 1868 2161 πανηγυ-

139 2183 270 2238 ρικῶν
312 2180 462 2236 λήρων
501 2180 560 2231 ὡς
589 2180 863 2236 πορρωτάτω
897 2180 996 2229 τοὺς
1029 2178 1140 2228 υἱεῖς
1170 2177 1367 2234 ἀπάγειν.

197 2249 374 2292 Deinde
393 2250 550 2306 „Quae
570 2249 692 2291 ista’'
717 2253 850 2304 rogat
867 2247 1197 2304 Wyttenbach,
1217 2246 1455 2296 „habenda
1475 2250 1544 2287 est
1562 2244 1864 2301 explicandae

139 2321 423 2378 quaestionis
459 2320 594 2371 ratio,
639 2324 692 2363 ut
732 2333 830 2362 rem
862 2320 1074 2362 universe
1122 2318 1296 2368 laudes,
1347 2317 1403 2360 de
1446 2317 1655 2373 partibus
1695 2321 1865 2366 taceas,

139 2392 338 2450 denique
384 2392 521 2435 unius
559 2392 718 2448 partis,
760 2391 810 2434 id
845 2395 915 2433 est
967 2390 1219 2433 rhetoricae
1280 2389 1625 2431 exercitationis
1671 2388 1868 2430 abusum

140 2462 467 2520 reprehendas,
518 2463 575 2506 de
611 2463 708 2506 eius
748 2477 836 2505 usu
871 2467 918 2504 et
955 2467 1082 2505 recta
1117 2462 1294 2504 ratione
1341 2460 1406 2503 nil
1457 2460 1643 2502 dicas?''
1701 2460 1865 2502 Nonne

958 197 1013 242 79

190 2637 224 2676 ι)
271 2637 376 2668 Hunc
399 2638 530 2668 librum
554 2637 714 2676 spurium
739 2646 813 2668 esse
840 2637 1062 2667 arbitrantur
1088 2636 1300 2672 BENSELER,
1327 2636 1379 2665 De
1406 2635 1507 2665 hiatu
1531 2635 1567 2664 in
1594 2636 1701 2665 oratt.
1742 2635 1872 2665 Atticis

140 2699 178 2730 p.
198 2699 373 2729 430—323
391 2691 620 2727 VomfflANN,
642 2691 839 2721 Commeat.
858 2691 913 2720 De
933 2681 1063 2721 consol.
1086 2690 1129 2719 ad
1153 2689 1265 2727 Apoll.
1282 2687 1754 2727 pseudoplutarchea,Halle
1767 2690 1870 2726 1862;

144 2743 474 2785 Wmssnunssnonn
494 2754 526 2775 o.
548 2745 570 2776 1.
593 2753 626 2783 p.
650 2753 704 2782 44.

190 2798 224 2836 2)
272 2798 323 2828 Cf.
345 2797 671 2829 WmSSENBERGER
692 2807 725 2836 p.
747 2807 800 2836 49.
823 2799 875 2828 De
895 2797 1154 2828 Consolationis
1175 2796 1219 2826 ad
1240 2796 1354 2834 Apoll.
1376 2796 1626 2826 distributione
1647 2796 1717 2827 vid.
1740 2796 1772 2834 J.
1796 2803 1870 2825 νΑΝ

144 2850 424 2889 WAGszGEN,
443 2851 498 2882 De
518 2851 693 2882 Ciceronis
711 2852 802 2882 libro
822 2851 1092 2887 Consolationis,
1113 2850 1312 2888 Groningae
1335 2851 1433 2887 1916,
1454 2859 1488 2888 p.
1514 2851 1554 2880 16
1573 2859 1651 2888 sqq.
