2228 3366
975 193 1101 265 87δ

147 323 328 367 Acriter
362 324 472 375 ¹ffleo
512 324 684 366 restitit
727 324 1001 373 rhetoribus,
1045 324 1124 381 qui
1166 324 1387 366 dicuntur
1430 323 1664 379 Asianis.1)
1711 325 1871 380 Neque

147 394 290 452 igitur
334 395 441 438 huic
476 395 644 446 libello,
684 396 732 438 in
770 410 862 452 quo
896 395 1138 438 scribendo
1193 400 1431 451 praeterea
1470 396 1640 451 probae
1672 396 1870 438 orationi

147 481 242 511 non
261 466 457 518 studuit,
478 468 821 510 enuntiationes
841 467 1002 510 breves
1021 471 1068 509 et
1089 467 1296 509 concisae
1318 467 1433 510 vitio
1453 467 1726 510 tribuendae
1746 472 1869 510 sunt.

207 538 442 582 Nonnulla
460 539 647 581 fluxisse
665 553 690 581 e
708 539 946 581 rhetorum
964 538 1295 581 consuetudine
1315 539 1630 594 Wyttenbach
1649 539 1869 583 affirmat.

148 608 198 653 P.
235 610 294 653 Id
330 612 390 656 ὧν
427 613 475 660 ἂν
503 613 581 669 τὴν
609 613 745 670 ἀρχὴν
775 617 852 669 τῆς
882 616 1055 668 σπορᾶς
1088 612 1128 655 οἱ
1158 613 1342 667 πατέρες
1375 611 1418 655 ἐν
1451 612 1566 669 μέθῃ
1585 614 1867 669 ποιησάμενοι

43 704 49 712 ⁴
96 687 100 691 '
145 684 350 742 τύχωσιν,
398 682 600 724 breviter
640 682 730 724 dici
772 682 975 737 potuisse
1016 682 1082 724 ait
1123 681 1193 723 his
1219 681 1391 723 verbis:
1422 685 1494 735 οὓς
1531 685 1579 727 ἂν
1614 685 1654 728 οἱ
1683 685 1871 740 πατέρες

148 754 192 798 ἐν
208 755 327 813 μέθῃ
343 757 593 813 γεννήσωσι
611 753 684 795 vel
702 754 930 811 σπείρωσι.
949 753 1331 809 Haudquaquam
1353 767 1462 795 vero
1482 753 1606 795 idem
1626 754 1696 796 his
1718 754 1870 796 verbis

148 824 332 867 dicitur.
367 825 820 868 Contaminationem
857 824 1093 881 quandam
1129 825 1391 873 locoinesse
1410 829 1544 880 puto:
1564 830 1687 867 recte
1706 830 1871 868 auctor

151 909 261 939 voce
313 911 357 952 q.
391 910 429 939 e.
477 899 589 956 ἀρχή
624 897 774 938 utitur
806 897 853 938 in
885 896 1158 945 elocutione,
1195 896 1324 938 cuius
1357 896 1618 939 subiectum
1650 897 1737 953 ipsi
1770 897 1862 940 sint

148 967 297 1024 pueri:
335 968 446 1024 „qui
480 968 587 1010 inde
623 982 651 1010 a
687 969 836 1024 prima
871 968 1042 1023 origine
1074 968 1235 1023 e.q.s.''
1271 968 1388 1010 Sane
1421 982 1489 1017 ea,
1509 982 1628 1024 quae
1645 969 1866 1024 praemit-

148 1043 315 1083 tuntur
347 1040 600 1082 narrationi
629 1040 685 1082 de
705 1040 933 1095 Lycurgo:
954 1054 997 1095 p.
1018 1052 1074 1093 3a
1091 1040 1152 1085 ἑνὶ
1169 1043 1217 1086 δὲ
1237 1043 1331 1098 περὶ
1352 1043 1522 1086 τούτων
1538 1042 1871 1100 παραδείγματι

146 1114 435 1172 χρησάμενος,
473 1114 785 1170 ἀπαλλάξομαι
810 1116 887 1158 τοῦ
922 1116 986 1158 ἔτι
1023 1112 1120 1169 περὶ
1158 1115 1300 1157 αὐτῶν
1351 1114 1557 1171 μηκύνειν
1595 1112 1871 1155 rhetoricam

147 1182 369 1226 redolent.
399 1183 571 1226 Utrum
601 1188 760 1225 autem
791 1183 903 1225 haec
935 1183 1112 1225 auctori
1131 1183 1309 1225 crimini
1327 1183 1482 1226 danda
1500 1184 1607 1233 sint,
1625 1198 1682 1226 an
1703 1184 1871 1226 vitium

148 1254 240 1297 sint
258 1254 400 1302 fontis
413 1254 525 1304 eius,
545 1269 608 1297 an·
620 1254 825 1296 indicent
842 1255 1032 1296 iuvenili
1050 1259 1203 1297 aetate
1222 1269 1250 1297 a
1268 1254 1517 1298 Plutarcho
1534 1255 1759 1311 scriptum
1775 1269 1871 1297 esse

147 1325 367 1376 libellum,
387 1340 493 1368 cum
507 1326 736 1368 rhetorica
752 1326 953 1369 multum
968 1326 1093 1382 apud
1107 1340 1213 1368 eum
1221 1326 1448 1382 valeret,2)
1460 1326 1586 1369 haud
1598 1327 1687 1369 dici
1700 1331 1869 1383 potest.

209 1397 258 1440 P.
297 1397 357 1451 3b
392 1397 448 1447 de
483 1397 664 1440 duobus
700 1398 891 1440 canibus
926 1412 953 1440 a
990 1398 1201 1454 Lycurgo
1233 1398 1282 1440 in
1317 1398 1581 1440 contionem
1617 1398 1869 1454 productis,

148 1471 172 1515 ὁ
218 1471 295 1530 μὲν
336 1471 409 1515 ἐπὶ
439 1473 514 1528 τὸν
549 1472 722 1528 λαγωὸν
757 1472 871 1528 ᾖξεν,
907 1473 929 1515 ὁ
963 1467 999 1515 δ’
1033 1472 1108 1515 ἐπὶ
1140 1473 1218 1528 τὴν
1254 1473 1427 1516 λοπάδα
1462 1473 1653 1529 ὥρμησε.
1685 1470 1872 1513 Nullam

147 1539 240 1582 fere
276 1540 589 1583 differentiam
612 1554 708 1583 esse
732 1541 853 1582 inter
877 1541 1018 1583 verba
1041 1544 1140 1600 ᾖξεν
1165 1546 1211 1583 et
1241 1544 1418 1600 ὥρμησε
1443 1542 1509 1584 ait
1533 1542 1870 1597 Wyttenbach;

148 1611 354 1668 potuisse
375 1612 518 1668 igitur
534 1612 688 1655 omitti
710 1615 901 1671 ὥρμησε.
922 1613 1043 1669 Quid
1060 1617 1218 1655 autem
1235 1613 1271 1655 si
1288 1627 1381 1655 non
1396 1613 1549 1655 omisit
1568 1613 1869 1656 Plutarchus?

149 1682 312 1731 Nonne
345 1684 460 1726 item
493 1697 564 1726 res
597 1697 644 1726 se
678 1684 821 1726 habet
855 1685 902 1726 in
936 1684 1148 1740 exemplo
1181 1699 1209 1727 a
1243 1685 1603 1740 Wyttenbachio
1637 1685 1779 1727 allato
1801 1685 1872 1727 his

147 1754 320 1797 verbis:
358 1755 465 1805 „Nil
497 1755 590 1797 tale
621 1755 669 1797 in
702 1769 824 1805 vero,
860 1756 1024 1798 saltem
1058 1756 1231 1798 veriore
1266 1755 1515 1800 Plutarcho
1547 1756 1742 1799 eandem
1774 1770 1871 1799 rem

147 1830 366 1869 narrante
392 1827 440 1868 in
468 1825 706 1882 Apophth.
738 1827 905 1869 Lacon.
935 1842 978 1882 p.
1017 1827 1141 1881 225f:
1176 1830 1253 1874 ἐπὶ
1285 1830 1342 1873 τὰ
1374 1830 1543 1885 συνήθη
1579 1831 1627 1874 δὲ
1659 1830 1871 1888 ἑκατέρου

147 1900 437 1957 ὁρμήσαντος,
487 1899 564 1944 καὶ
609 1901 796 1958 θατέρου
843 1902 916 1944 τὸν
952 1902 1104 1959 λαγὼν
1139 1899 1534 1959 χειρωσαμένου”Ρ
1573 1900 1669 1942 Aut
1706 1899 1871 1942 ultima

150 1968 266 2012 haec
303 1970 445 2012 verba
481 1971 559 2016 καὶ
589 1973 777 2029 θατέρου
811 1984 937 2026 e.q.s.
973 1971 1186 2013 omittere
1218 1970 1418 2013 debebat
1443 1974 1626 2021 auctor,
1661 1976 1743 2014 aut
1766 1975 1869 2027 post

147 2040 342 2084 verbum
379 2056 423 2097 q.
442 2055 480 2084 e.
521 2044 796 2101 ὁρμήσαντος
821 2042 1016 2084 inserere
1034 2042 1248 2092 debebat,
1269 2042 1382 2098 quid
1401 2042 1518 2085 alter
1533 2043 1660 2085 oanis
1679 2043 1864 2085 faceret.

147 2111 270 2167 Quid
299 2113 423 2155 enim
453 2118 784 2156 commemorat
830 2118 993 2156 auctor
1023 2114 1220 2156 alterum
1251 2127 1412 2156 canem
1442 2114 1643 2170 leporem
1676 2115 1870 2170 prehen-

148 2181 282 2233 disse,
328 2197 422 2226 non
453 2189 784 2227 commemorat
805 2185 1002 2227 alterum
1021 2185 1250 2240 ligurrisse
1270 2186 1395 2228 cibos
1416 2186 1591 2241 positos
1610 2186 1658 2227 in
1679 2186 1866 2242 patina?

147 2253 194 2297 Si
226 2254 449 2297 alteruter
475 2255 601 2298 locus
637 2256 972 2312 vituperandus
1005 2261 1089 2306 est,
1122 2257 1195 2298 hic
1213 2257 1516 2313 vituperetur,
1536 2257 1610 2299 ille
1628 2271 1720 2300 non
1737 2258 1868 2300 item.

206 2325 255 2368 P.
299 2326 359 2369 2b
397 2330 425 2386 ἡ
462 2330 538 2386 μὲν
572 2330 659 2387 γὰρ
691 2331 818 2387 φύσις
855 2332 954 2374 ἄνευ
990 2331 1230 2387 μαθήσεως
1263 2332 1424 2388 τυφλόν
1459 2347 1500 2373 κ.
1519 2347 1559 2374 τ.
1578 2337 1618 2375 λ.
1653 2329 1779 2371 Haec
1797 2342 1870 2371 me

145 2395 388 2453 defendere
428 2412 610 2441 necesse
647 2413 741 2442 non
777 2404 860 2450 est,
900 2414 1020 2450 cum,
1043 2401 1079 2443 si
1101 2400 1213 2456 quid
1233 2401 1303 2443 his
1324 2401 1476 2443 verbis
1496 2401 1605 2445 insit
1627 2401 1886 2456 reprehen-·

145 2469 270 2512 sione
309 2469 514 2525 dignum,
535 2471 696 2526 utique
718 2471 993 2514 Plutarchus
1013 2472 1149 2527 culpa
1168 2476 1316 2514 vacet.
1339 2473 1459 2514 Nam
1478 2476 1633 2514 totum
1650 2472 1785 2514 huius
1805 2472 1870 2515 IV

146 2540 312 2596 capitis
351 2541 551 2591 initium,
595 2544 742 2599 usque
783 2543 843 2586 ad
885 2558 928 2599 p.
959 2543 1031 2593 2d,
1076 2543 1210 2599 plane
1250 2543 1456 2586 Stoicum
1489 2557 1600 2595 esse,
1627 2548 1674 2586 et
1702 2543 1870 2600 Dyroff

147 2604 350 2654 oste'ndit
375 2616 423 2654 et
452 2626 538 2668 ego
568 2613 667 2656 aliis
697 2614 888 2670 prolatis
917 2615 1200 2670 argumentis
1230 2629 1369 2671 supra
1399 2615 1648 2671 probavi.³)

194 2751 225 2789 1)
274 2751 448 2789 Nonnmz,
470 2761 503 2790 p.
527 2754 602 2789 380.

192 2805 225 2842 2)
274 2805 326 2835 Cf.
349 2802 688 2844 Wrzsssxmnmzcnn,
711 2817 744 2845 p.
769 2817 821 2845 43.

192 2858 225 2895 3)
274 2858 325 2888 Cf.
345 2859 512 2896 DYROFF,
530 2869 563 2897 p.
582 2868 647 2897 250
663 2870 741 2898 sqq,
759 2870 792 2898 p.
812 2871 873 2891 201
893 2871 970 2899 sqq.
