2228 3366
979 226 1032 257 21

147 346 484 403 aggrediamur,
508 350 561 389 ut
584 346 930 402 investigemus,
954 358 1106 388 nonne
1128 345 1271 388 etiam
1294 343 1420 400 quod
1441 343 1503 386 ad
1525 356 1622 385 rem
1643 347 1872 399 appareat

147 418 487 476 Quintilianum
528 417 602 460 hic
627 417 834 460 libellum
858 418 955 475 περὶ
997 419 1309 476 παιδοτροφίας
1337 415 1587 465 indicasse;
1615 414 1689 456 vel
1715 414 1872 470 potius

147 490 314 540 dicam,
355 494 409 532 ut
450 502 741 546 quaeramus,
783 502 896 531 num
937 488 1051 544 quid
1091 487 1258 538 obstet,
1303 487 1550 542 quominus
1576 486 1664 529 hoc
1691 485 1871 528 factum

144 574 242 604 esse
267 565 499 618 putemus.
527 561 652 604 Utile
678 564 835 603 autem
861 559 1047 602 videtur
1070 563 1227 601 totum
1250 559 1405 601 locum
1423 558 1739 613 exscribere11)
1770 557 1871 607 „Ne

146 633 248 676 illos
277 632 467 689 quidem
497 631 896 688 reprehendendos
926 635 1055 686 puto,
1086 630 1165 686 qui
1194 629 1386 686 paulum
1413 630 1557 672 etiam
1586 628 1869 685 palaestricis

135 689 454 747 'vacaverunt
484 718 577 746 non
605 704 662 747 de
691 703 746 745 iis
773 703 951 759 loquor,
981 702 1150 758 quibus
1179 715 1285 758 pars
1314 701 1439 744 vitae
1466 701 1515 743 in
1543 700 1657 750 oleo,
1687 713 1794 756 pars
1822 700 1870 742 in

145 776 255 819 vino
272 762 564 819 consumitur
588 811 596 818 .
621 810 630 818 .
655 810 662 817 .
682 774 763 818 sed
779 787 948 817 nomen
966 778 1036 816 est
1053 773 1178 816 idem
1195 773 1264 823 iis,
1284 786 1311 816 a
1329 773 1499 829 quibus
1516 776 1671 828 gestus
1693 775 1863 814 motus-

145 861 235 904 que
256 848 532 896 formantur,
554 851 606 889 ut
627 851 753 889 recta
773 846 866 888 sint
886 845 1117 895 bracchia,
1138 858 1195 887 ne
1214 845 1446 894 indoctae,
1466 843 1666 892 rusticae
1685 856 1865 893 manus,

140 932 200 963 ne
235 923 390 962 status
425 918 682 968 indecorus,
718 931 775 960 ne
812 931 905 974 qua
938 918 986 959 in
1022 916 1307 973 proferendis
1342 916 1537 972 pedibus
1572 914 1772 965 inscitia,
1809 927 1869 956 ne

142 994 284 1046 caput
340 990 553 1046 oculique
609 990 670 1032 ab
705 990 795 1032 alia
829 989 1032 1045 corporis
1066 988 1364 1032 inclinatione
1399 987 1684 1031 dissideant.
1709 1021 1717 1029 .
1742 1020 1750 1028 .
1775 1020 1784 1029 .
1819 990 1867 1028 et

141 1066 281 1111 certe,
318 1061 445 1118 quod
481 1062 630 1104 facere
665 1065 895 1117 oporteat,
931 1075 1025 1103 non
1059 1060 1397 1116 indignandum
1431 1063 1500 1102 est
1536 1059 1724 1108 discere,
1760 1071 1867 1101 cum

141 1133 416 1188 praesertim
442 1132 555 1176 haec
582 1133 882 1182 chironomia,
911 1146 1030 1188 quae
1056 1119 1125 1175 est
1157 1133 1220 1187 (in
1245 1131 1431 1175 nomine
1456 1131 1558 1187 ipso
1583 1130 1862 1185 declaratur)

140 1203 215 1247 lex
261 1208 434 1260 gestus,
468 1209 515 1247 et
548 1205 609 1247 ab
639 1204 728 1247 illis
760 1204 1048 1260 temporibus
1079 1203 1274 1246 heroicis
1306 1207 1410 1246 orta
1441 1203 1501 1246 sit
1532 1207 1580 1245 et
1612 1216 1640 1245 a
1671 1201 1866 1244 summis

138 1275 358 1319 Graeciae
381 1276 491 1319 viris
513 1281 655 1332 atque
678 1276 778 1332 ipso
799 1276 943 1318 etiam
967 1276 1154 1319 Socrate
1176 1275 1388 1331 probata,
1413 1288 1441 1317 a
1463 1274 1657 1317 Platone
1679 1285 1864 1330 quoque

137 1347 185 1390 in
231 1352 363 1403 parte
399 1347 606 1390 civilium
634 1348 786 1404 posita
813 1348 1059 1397 virtutum,
1087 1351 1134 1390 et
1162 1347 1421 1403 Chrysippo
1447 1346 1494 1388 in
1522 1345 1780 1402 praeceptis
1807 1344 1864 1387 de

137 1417 387 1462 liberorum
416 1419 692 1462 educatione
722 1419 990 1475 compositis
1020 1433 1111 1462 non
1144 1418 1361 1461 omissa.''

196 1490 356 1533 Sermo
385 1490 528 1546 igitur
556 1495 627 1533 est
658 1490 714 1533 de
745 1491 1077 1534 exercitatione
1108 1490 1324 1546 corporis,
1359 1503 1452 1546 qua
1482 1488 1744 1532 cavendum
1774 1492 1861 1538 est,

133 1575 191 1603 ne
213 1575 381 1618 corpus
401 1562 488 1606 fiat
508 1562 779 1607 indecorum
799 1576 916 1605 neve
936 1563 1088 1605 minus
1109 1566 1274 1618 aptum
1294 1561 1355 1604 ad
1374 1561 1535 1604 motus
1550 1559 1863 1617 gesticulatio-

134 1646 310 1689 nesque
350 1633 674 1690 elegantiores.
719 1634 821 1690 Qua
863 1634 918 1677 de
960 1647 1007 1676 re
1048 1634 1191 1676 etiam
1234 1633 1477 1676 Platonem
1517 1632 1726 1675 locutum
1765 1644 1862 1674 esse

135 1704 451 1760 Quintilianus
484 1705 652 1761 dicit.2)
689 1706 808 1748 Turn
842 1719 951 1748 vero
983 1709 1316 1748 commemorat
1348 1704 1468 1747 hanc
1500 1703 1703 1759 corporis
1734 1715 1862 1745 exer—

135 1775 413 1819 citationem
453 1791 480 1820 a
521 1777 778 1833 Chrysippo
817 1778 865 1819 in
905 1777 1163 1832 praeceptis
1202 1776 1258 1819 de
1298 1775 1547 1818 liberorum
1585 1773 1861 1817 educatione

133 1860 227 1890 non
264 1848 484 1891 omissam
518 1861 631 1891 esse.
672 1848 799 1891 Haec
836 1849 979 1891 verba
1014 1848 1267 1891 GUDEMAN
1302 1848 1370 1891 ita
1403 1847 1739 1903 interpretatus
1773 1850 1858 1896 est,

133 1918 268 1974 quasi
294 1932 456 1962 ansam
482 1920 755 1976 praeberent
782 1920 1072 1979 coniecturae
1100 1919 1345 1976 Chrysippi
1369 1918 1576 1962 libellum
1602 1918 1860 1975 perfectum

133 2003 186 2033 ac
208 1991 492 2046 completum
514 1991 670 2034 fuisse.
697 1992 823 2042 „The
844 1992 933 2035 last
957 1992 1154 2048 phrase''
1176 1991 1346 2047 inquit,
1372 1990 1500 2042 „also
1519 1990 1653 2033 bears
1673 1989 1859 2035 witness

132 2066 183 2105 to
205 2061 286 2104 the
309 2062 646 2118 completeness
670 2063 718 2106 of
739 2063 819 2106 the
843 2064 992 2106 Greek
1014 2063 1219 2114 treatise,
1244 2063 1315 2106 for
1336 2067 1387 2106 to
1409 2076 1494 2118 say
1518 2075 1635 2113 „nor
1655 2061 1740 2105 has
1762 2061 1859 2104 this

131 2132 247 2175 been
281 2133 484 2176 omitted
518 2134 585 2190 by
618 2135 900 2191 Chrysippos
933 2135 1084 2181 inqhis
1117 2134 1362 2191 precepts''
1395 2138 1502 2184 etc„
1535 2133 1717 2190 implies
1749 2133 1857 2176 that

132 2204 389 2261 Quintilian
408 2206 563 2248 would
580 2206 700 2249 have
718 2206 832 2249 been
854 2220 967 2263 very
984 2207 1124 2249 much
1141 2205 1375 2262 surprised
1391 2205 1486 2249 had
1502 2205 1560 2248 he
1578 2205 1697 2248 done
1715 2204 1854 2260 so.”³)

194 2277 297 2319 Non
341 2278 530 2320 omnino
574 2291 683 2320 vero
724 2278 810 2320 hac
852 2292 958 2321 cum
998 2278 1384 2334 interpretatione
1426 2277 1559 2320 facio.
1605 2276 1792 2320 Etenim
1819 2276 1856 2319 si

132 2347 449 2403 Quintilianus
474 2361 635 2391 revera
659 2353 904 2405 tantopere
930 2349 1125 2392 miratus
1150 2353 1285 2399 esset,
1312 2349 1350 2392 si
1376 2349 1661 2405 Chrysippus
1685 2347 1772 2390 hac
1797 2347 1855 2390 de

132 2432 179 2460 re
218 2419 362 2462 verba
400 2433 491 2462 non
532 2420 729 2471 fecisset,
768 2421 938 2463 idcirco
976 2421 1165 2463 omnino
1202 2434 1296 2465 non
1333 2420 1503 2463 mirum
1540 2420 1580 2462 ei
1619 2419 1856 2463 videretur

132 2489 444 2547 Chrysippum
465 2492 564 2533 rem'
584 2492 792 2548 attigisse
813 2506 963 2548 neque
984 2492 1025 2536 ei
1047 2505 1229 2535 necesse
1252 2492 1403 2535 fuerat
1424 2492 1472 2535 id
1493 2491 1658 2542 dicere,
1681 2490 1854 2534 nedum

130 2561 200 2604 his
221 2562 393 2612 verbis;
414 2563 556 2605 immo
577 2577 685 2606 vero
703 2563 866 2606 laudat
887 2563 1198 2619 Chrysippum
1216 2564 1359 2606 etiam
1378 2563 1514 2607 huius
1532 2563 1593 2605 rei
1615 2562 1663 2604 in
1682 2562 1850 2613 libello,

178 2714 206 2747 1)
258 2712 379 2750 Quint.
402 2713 490 2742 Inst.
512 2713 569 2743 Or.
594 2723 622 2749 1,
645 2722 696 2749 11,
720 2722 757 2750 15
778 2723 867 2751 sqq.‚
889 2714 932 2743 cf.
954 2715 1006 2744 ΑΒ
1027 2723 1147 2744 Anum
1170 2714 1239 2750 ΙΙΙ,
1259 2714 1363 2751 frgm.
1386 2720 1460 2750 737.

175 2766 206 2802 2)
257 2765 308 2795 Cf.
331 2766 417 2802 legg.
442 2775 474 2803 p.
499 2773 596 2803 795e,
620 2767 720 2804 813b.
745 2767 795 2797 Cf.
819 2770 1004 2805 praeterea
1028 2767 1125 2797 XEN.
1150 2768 1271 2805 Symp.
1297 2767 1345 2804 11,
1371 2776 1423 2804 19,
1447 2767 1550 2796 Mem.
1576 2767 1603 2804 1,
1628 2775 1657 2803 2,
1677 2775 1729 2803 19;
1746 2776 1777 2803 4,
1797 2775 1850 2803 13.

130 2819 240 2848 Purr.
260 2818 303 2848 de
323 2819 453 2849 Herod.
474 2820 616 2857 malign.
637 2829 670 2858 p.
692 2820 798 2858 867b;
818 2821 897 2851 vide
928 2821 1068 2850 MUNRo
1087 2820 1131 2850 ad
1151 2821 1264 2850 Luca.
1287 2821 1348 2857 IV,
1369 2828 1443 2857 740.

175 2873 205 2908 3)
255 2882 286 2902 ο.
304 2872 404 2910 l.p.C.
421 2881 454 2902 n.
475 2882 548 2910 199.
