2228 3366
916 224 974 268 39

119 341 247 399 apud
279 341 620 398 Quintilianum
652 346 810 384 autem
842 355 935 384 non
965 342 1197 397 leguntur.
1235 341 1329 391 „Er
1360 339 1571 383 scheint''
1607 339 1846 384 Schickius

121 413 331 471 inquit,²)
374 413 482 456 dem
522 413 902 469 Ammenkapitel
942 427 1031 456 nur
1070 413 1216 469 einige
1259 413 1526 468 allgemeine
1568 413 1678 455 oder
1718 413 1849 454 mehr

123 485 397 532 {iusserliche
423 485 593 528 Stellen
618 490 918 532 entnommen
943 499 1000 528 zu
1024 485 1193 535 haben,
1219 476 1374 527 esha't
1398 485 1496 527 ihm
1521 487 1847 540 naturgemasz

122 557 199 602 fiir
218 557 376 604 seinen
400 557 562 604 Zweck
585 570 661 600 am
683 557 931 612 wenigsten
958 556 1214 612 gegeben.’'

183 629 479 686 Quamquam
510 628 653 684 igitur
682 629 730 670 in
761 628 832 670 his
864 628 1000 670 rebus
1031 627 1367 683 investigandis
1397 627 1587 670 noniam
1619 631 1847 672 concentu

121 700 244 746 inter
259 705 511 756 utrumque
529 704 767 754 auctorem
785 699 1013 749 ducimur,
1032 703 1189 742 tamen
1208 712 1264 741 ne
1283 713 1310 741 a
1327 703 1453 741 recta
1471 699 1548 741 via
1566 699 1844 748 aberremus,

121 772 383 819 timendum
401 786 494 815 non
518 776 603 814 est.
631 772 752 815 Nam
777 771 857 813 vix
882 771 1088 814 dubitari
1113 774 1283 826 potest,
1311 771 1423 826 quin
1447 782 1514 818 ea,
1541 783 1659 826 quae
1684 770 1846 812 eodem

123 843 277 900 capite
305 843 523 901 legantur
547 847 688 898 atque
717 843 833 886 aliae
863 843 1107 899 Chrysippi
1136 842 1408 891 sententiae,
1441 842 1712 898 praesertim
1741 855 1847 883 cum

121 915 284 958 eodem
316 915 373 958 de
415 919 688 970 argumento
732 919 873 969 agant
916 919 1058 970 atque
1101 927 1167 963 ea,
1212 927 1331 969 quae
1359 927 1382 955 e
1415 913 1658 969 Chrysippi
1694 913 1847 955 libello

125 986 402 1043 profluxisse
437 990 637 1035 constat,
674 999 733 1028 ex
766 985 930 1028 eodem
964 986 1092 1035 fonte
1127 985 1297 1028 hausta
1332 986 1439 1028 sint.
1477 985 1684 1035 Accedit,
1722 984 1847 1041 quod

121 1054 235 1102 h'aec
253 1062 399 1114 agunt
419 1057 476 1101 de
494 1058 595 1113 ipso
614 1057 755 1101 libelli
775 1057 1045 1113 Chrysippei
1065 1061 1355 1113 argumentO,
1387 1059 1487 1115 περὶ
1518 1059 1843 1115 παιδοτροφίας

120 1140 198 1180 se„¹
233 1133 281 1172 et
317 1126 444 1187 q'uod
477 1129 578 1175 aliis
612 1142 797 1185 quoque
831 1129 1116 1185 argumentis
1150 1128 1334 1171 ostendi
1367 1132 1522 1184 potest
1554 1141 1606 1170 ea
1643 1128 1847 1171 Stoicam

120 1201 291 1245 habere
325 1201 566 1257 originem.

179 1272 358 1321 Auctor
378 1277 629 1329 postquam
651 1286 698 1315 se
721 1272 778 1315 de
799 1272 1056 1315 nutritione
1079 1283 1190 1314 mox
1211 1272 1479 1315 locuturum
1501 1284 1597 1313 esse
1620 1271 1846 1314 indicavit

119 1343 192 1388 his
225 1344 377 1388 verbis
421 1345 535 1401 (cap.
571 1345 637 1401 5):
680 1346 823 1404 ,,Περὶ
855 1348 901 1390 δὲ
934 1350 1095 1404 τροφῆς
1130 1347 1331 1403 ἐχόμενον
1369 1347 1418 1390 ἂν
1451 1347 1523 1402 εἴη
1559 1345 1746 1403 λέγειν,”
1783 1343 1847 1386 sic

119 1416 301 1472 pergit:
352 1419 450 1463 ..δεῖ
496 1419 560 1474 δέ,
613 1419 670 1470 ὡς
718 1419 805 1476 ἐγὼ
840 1419 888 1462 ἂν
923 1420 1075 1477 φαίην,
1112 1418 1246 1469 αὐτὰς
1277 1419 1356 1469 τὰς
1391 1418 1582 1474 μητέρας
1617 1418 1674 1461 τὰ
1706 1418 1846 1462 τέκνα

112 1490 286 1550 >τρέφειν
329 1490 408 1535 καὶ
451 1491 619 1542 τούτοις
666 1492 764 1542 τοὺς
811 1492 1005 1547 μαστοὺς
1052 1490 1239 1547 ὑπέχειν·
1277 1489 1645 1546 συμπαθέστερόν
1679 1507 1728 1533 τε
1758 1490 1845 1546 γὰρ

117 1563 335 1620 θρέψουσι
375 1562 456 1607 καὶ
506 1563 580 1606 διὰ
623 1564 822 1614 πλείονος
872 1562 1141 1618 ἐπιμελείας,
1191 1562 1248 1613 ὡς
1299 1563 1347 1605 ἂν
1381 1562 1560 1606 ἔνδοθεν
1596 1560 1675 1617 καὶ
1707 1562 1757 1604 τὸ
1791 1561 1845 1615 δὴ

122 1635 357 1693 λεγόμενον
393 1635 441 1688 ἐξ
471 1636 635 1691 ὀνύχων
670 1636 914 1693 ἀγαπῷσαι
946 1635 1004 1679 τὰ
1051 1633 1236 1678 τὲκνα.”
1288 1631 1329 1673 Α
1375 1630 1693 1686 compluribus
1740 1630 1846 1672 scri-

122 1698 334 1761 ptoribus
349 1704 474 1747 idem
506 1709 806 1760 praeceptum
837 1704 1030 1758 datur.2)
1068 1704 1229 1758 Neque
1260 1702 1407 1747 nostri
1441 1702 1666 1758 propositi
1698 1715 1847 1757 neque

123 1780 390 1819 nostrarum
442 1776 612 1818 virium
658 1780 728 1818 est
758 1776 943 1831 penitus
978 1788 1110 1830 agere
1144 1774 1200 1816 de
1233 1774 1399 1817 horum
1430 1774 1709 1829 scriptorum
1736 1773 1847 1815 locis

123 1847 368 1904 parallelis.
398 1847 440 1890 A
467 1848 579 1890 viro·
604 1846 873 1890 doctissimo
912 1847 1093 1889 Semel<
1135 1846 1191 1889 de
1232 1846 1348 1895 loco,
1391 1845 1471 1900 qui
1511 1845 1558 1887 in
1591 1844 1846 1887 nutritione

124 1918 378 1964 infantium
426 1923 653 1968 versatur,
704 1919 917 1974 quaestio
961 1918 1126 1961 habita
1159 1922 1229 1960 est
1259 1918 1304 1961 in
1340 1917 1671 1973 disputatione,
1705 1928 1847 1972 quam

124 1991 308 2047 saepius
366 1990 579 2040 laudavi;
633 1990 708 2033 hic
755 1990 917 2039 refero,
972 2003 1110 2045 quem
1162 1989 1222 2032 ad
1267 1988 1447 2034 exitum
1490 1988 1528 2030 is
1572 1987 1847 2043 inquirendo

123 2061 448 2121 perveneritfi)
498 2062 691 2112 „Neben
734 2062 830 2104 rein
872 2061 1232 2107 medizinischen
1273 2060 1542 2109 Ansichten‚
1578 2073 1670 2110 von
1698 2059 1846 2108 denen

121 2133 206 2184 wir
242 2133 446 2191 absehen
471 2134 673 2184 konnen,
703 2134 858 2189 bringt
888 2134 1085 2178 Soranos
1115 2132 1430 2176 Vorschriften
1459 2131 1557 2173 und
1591 2131 1847 2186 Argumen-

121 2209 218 2255 ten,
255 2204 328 2248 die
361 2204 466 2247 teils
502 2205 785 2260 vollstandig
819 2205 906 2248 mit
941 2205 1090 2249 denen
1122 2204 1201 2247 des
1222 2203 1454 2247 stoischen
1477 2202 1846 2258 Gemeinplatzes

169 2338 201 2375 1)
251 2347 284 2368 o.
303 2338 326 2367 1.
346 2346 380 2376 p.
402 2346 432 2374 3,
451 2346 486 2367 11.
508 2345 541 2373 5.

168 2391 201 2428 2)
250 2391 426 2421 Somnus
449 2396 492 2424 π.
520 2396 610 2433 γυν.
640 2381 743 2424 was-t.
772 2392 830 2427 87:
858 2383 1012 2435 ἄμεινον
1040 2385 1121 2434 γὰρ
1140 2412 1149 2423 .
1168 2410 1204 2422 ..
1234 2386 1287 2432 τῷ
1315 2368 1483 2433 pem-fodra>
1507 2384 1685 2430 γάλακτι
1701 2384 1846 2431 τρέφειν
1912 2407 1923 2413 -

120 2438 164 2475 τὸ
190 2436 339 2488 νήπιον,
372 2440 482 2475 τοῦτο
510 2440 590 2489 γὰρ
619 2438 839 2490 οἰκειότερον
866 2438 984 2488 αὐτῷ,
1002 2438 1172 2488 καὶπρὸς
1188 2438 1238 2474 ταὶ
1252 2433 1504 2487 γεννηθέντα
1520 2431 1845 2486 συμπαθέστεραι

119 2495 277 2542 [timu
305 2493 344 2529 al
371 2492 537 2543 μητέρες
565 2494 788 2541 γίγνονται.
818 2499 871 2530 cf.
902 2498 987 2529 ibid.
1021 2498 1073 2528 88.
1104 2498 1304 2528 Musomus
1338 2506 1393 2534 ap.
1433 2497 1540 2527 Sron.
1590 2496 1638 2532 11,
1686 2497 1762 2532 246,
1809 2496 1845 2525 8:

119 2548 291 2594 γυναῖκα
319 2546 401 2583 οἵαν
427 2546 452 2582 ae
479 2548 551 2596 μὲν
584 2544 632 2583 ἂν
656 2549 751 2596 τέκῃ
781 2549 925 2596 τρέφειν
953 2548 1093 2596 μαστῷ
1124 2547 1177 2594 τῷ
1208 2546 1349 2594 ἑαυτῆς
1379 2551 1436 2588 (cf.
1487 2551 1641 2581 Dvnorr
1682 2558 1715 2587 p.
1753 2549 1845 2586 271).

123 2604 263 2636 FAvon.
304 2614 360 2643 ap.
386 2606 497 2636 Gau..
524 2606 610 2643 XII,
636 2615 666 2643 1,
690 2615 752 2644 per
774 2608 892 2636 totam
914 2606 1203 2636 dissertationem
1227 2614 1326 2643 „qua
1357 2605 1470 2634 suasit
1493 2604 1603 2634 nobili
1621 2603 1786 2639 seminae,
1806 2605 1845 2632 ut

122 2657 264 2696 liberos,
299 2667 388 2696 quos
421 2660 630 2697 peperisset,
664 2667 736 2690 non
767 2660 950 2690 nutricum
982 2659 1239 2695 adhibitarum,
1269 2659 1331 2689 sed
1364 2667 1428 2688 suo
1461 2657 1528 2688 sibi
1564 2658 1657 2687 lacte
1696 2655 1845 2692 aleret,”

121 2715 163 2743 ut
182 2712 313 2750 legitur
333 2712 461 2742 titulus
481 2713 577 2751 apud
598 2713 770 2744 GELLlUu
794 2714 902 2751 capiti
923 2714 1128 2750 inscriptus.
1151 2712 1202 2742 Cf.
1226 2712 1425 2748 nmmum,
1447 2711 1512 2741 Die
1534 2711 1635 2744 Rom.
1656 2710 1843 2746 Privatalt,

124 2773 220 2804 1911,
253 2773 286 2804 p.
323 2773 398 2802 307,
417 2774 451 2796 n.
484 2775 514 2803 4.
547 2766 771 2796 WELLMANN
808 2766 903 2804 apud
939 2761 1079 2803 Knori,
1099 2766 1164 2796 Die
1183 2765 1690 2796 Altertumswissenschaftim
1712 2765 1844 2794 letzten

122 2819 494 2858 Vierteljahrhundert
518 2828 615 2857 1905,
637 2829 670 2858 p.
694 2829 767 2857 150.

169 2873 201 2910 3)
251 2881 284 2911 p.
310 2874 363 2903 16.
