2228 3366
1197 241 1252 272 20

379 369 486 399 vero
513 370 659 412 posse,
688 361 740 399 ut
770 357 825 399 iis
853 357 1010 399 verbis
1038 358 1272 401 sententia
1292 373 1474 415 quoque
1498 361 1792 410 „nutritionis
1808 362 2085 406 liberorum'’

381 428 537 483 (quam
578 427 738 469 Graeci
779 432 947 471 vocant
989 430 1332 488 παιδοτροφίαν)
1376 430 1622 482 tribuatur,
1666 432 1848 475 aliunde
1903 434 2084 489 patefit.

378 497 675 540 Conferamus
704 498 800 541 Clc.
829 498 885 540 de
913 498 995 540 fin.
1025 499 1134 549 VII,
1166 512 1236 555 19,
1266 500 1342 542 62:
1377 501 1561 556 „Atque
1587 502 1729 545 etiam
1755 503 1802 544 in
1830 503 1988 546 bestiis
2016 505 2086 548 vis

376 573 570 611 naturae
597 569 759 624 inspici
789 573 964 624 potest;
995 583 1193 625 quarum
1221 571 1267 612 in
1297 571 1425 613 foetu
1453 575 1499 613 et
1526 572 1573 613 in
1602 572 1855 616 educatione
1881 574 2085 617 laborem

375 653 479 682 cum
506 639 747 688 cernimus,
775 644 968 682 naturae
994 640 1136 695 ipsius
1163 654 1322 684 vocem
1349 642 1560 685 videmur
1585 644 1793 693 audire'';
1815 645 1947 687 PLIN.
1972 645 2083 688 Nat.

375 710 497 752 Hist.
520 711 649 760 XVI,
670 722 726 765 39
750 710 821 765 (de
841 710 1082 753 arboribus
1100 725 1248 754 sermo
1267 713 1355 767 est)
1373 726 1379 754 :
1407 713 1629 762 „Pariunt
1649 727 1758 757 vero
1775 728 1880 757 cum
1898 715 2083 765 florent,

375 781 550 836 flosque
578 780 652 822 ille
679 781 829 836 ruptis
856 785 1038 823 constat
1066 782 1292 825 utriculis.
1322 783 1540 826 Educatio
1566 785 1614 828 in
1641 798 1778 839 pomo
1803 789 1893 828 est:
1922 786 2007 828 hoc
2035 790 2083 828 et

372 852 658 906 germinatio,
688 851 929 894 laborum”
943 865 952 902 ;
990 852 1101 895 ibid.
1142 854 1395 903 XXXVII,
1416 864 1492 909 59:
1516 855 1601 904 „In
1621 855 1875 898 educatione
1897 856 2083 899 nutrici-

373 923 451 964 bus
486 922 611 964 lactis
644 922 994 975 foecunditatem,
1025 923 1274 965 infantium
1311 938 1492 980 quoque
1531 925 1718 980 alligata
1745 926 1861 969 collo
1887 927 2082 970 salivam

371 993 518 1035 faeere
561 992 730 1035 dicitur
773 993 1043 1049 (galaxia)’‚’;
1094 993 1204 1036 ibid,
1237 994 1321 1044 IX,
1354 1004 1426 1048 15:
1460 996 1646 1044 „educat
1670 997 1877 1039 mammis
1904 997 2081 1040 foetum

375 1063 563 1118 (vitulus
591 1063 860 1118 marinus)'';
890 1065 1060 1106 VARRO
1088 1064 1141 1106 fr.
1165 1074 1190 1117 5
1223 1065 1412 1119 (Riese):
1458 1066 1640 1115 „educit
1664 1067 1904 1117 obstetrix,
1927 1068 2082 1110 educat

370 1134 536 1183 nutrix,
575 1134 778 1176 instituit
800 1134 1104 1189 paedagogus,
1139 1135 1272 1177 docet
1298 1136 1563 1190 magister.”
1591 1137 1767 1192 Quibus
1791 1127 1937 1194 l'ocis1)
1966 1139 2080 1181 satis

370 1205 503 1260 plane
527 1205 620 1246 iam
646 1209 837 1260 apparet
865 1204 1199 1260 Quintilianum
1233 1206 1423 1248 titulum
1458 1207 1695 1263 Chrysippi
1725 1208 1827 1250 libri
1857 1210 1954 1267 περὶ
1980 1228 2080 1256 παι-

367 1279 594 1334 δοτροφίας
614 1280 735 1318 recte
754 1275 915 1317 Latine
942 1279 1118 1318 vertere
1144 1276 1347 1331 potuisse
1375 1277 1461 1326 „de
1485 1277 1731 1320 liberorum
1755 1279 2078 1322 educatione.’'

429 1346 566 1389 Plura
597 1350 720 1388 sunt.
756 1346 858 1401 Ipse
891 1346 1204 1401 Quintilianus
1236 1347 1345 1389 alibi
1376 1347 1523 1390 eidem
1555 1349 1695 1391 verbo
1727 1363 1771 1405 q.
1803 1363 1842 1391 e.
1875 1349 2079 1392 educatio

367 1417 560 1459 eandem
594 1417 690 1458 vim
724 1416 940 1459 attribuit
975 1430 1115 1472 quam
1149 1417 1291 1477 habet
1325 1417 1435 1460 locis
1467 1419 1605 1461 modo
1638 1419 1852 1462 laudatis.
1893 1421 2077 1470 „Parva

367 1488 614 1530 docemus''
644 1488 799 1543 inquit
835 1488 888 1542 (Ι,
924 1500 963 1536 1,
997 1488 1068 1541 21)
1106 1492 1364 1537 „oratorem
1396 1489 1734 1532 instituendum
1765 1490 1969 1545 professi,
1994 1491 2073 1532 sed

366 1562 435 1600 est
462 1572 545 1600 sua
571 1558 713 1600 etiam
740 1558 907 1600 studiis
931 1558 1144 1607 infantia,
1171 1562 1218 1600 et
1245 1563 1297 1600 ut
1325 1564 1555 1615 corporum
1581 1573 1689 1602 mox
1717 1560 2075 1603 fortissimorum

365 1629 562 1671 educatio
587 1643 614 1671 a
637 1629 744 1671 lacte
768 1628 983 1684 cunisque
1006 1628 1191 1671 initium
1213 1628 1348 1678 ducit,
1373 1629 1439 1672 ita
1463 1630 1647 1672 futurus
1670 1631 2072 1686 eloquentissimus

363 1700 508 1743 edidit
551 1699 800 1755 aliquando
843 1699 1083 1754 vagitum'’
1125 1713 1168 1754 q.
1208 1713 1242 1741 s.
1268 1700 1428 1749 Locus,
1454 1714 1590 1756 quem
1612 1701 1707 1745 sine
1730 1701 1872 1744 dubio
1894 1705 1939 1744 et
1965 1702 2072 1744 Plu-

363 1770 550 1813 tarchus
590 1774 637 1812 et
681 1770 990 1825 Quintilianus
1032 1774 1353 1825 prompserunt
1395 1784 1418 1811 e
1462 1770 1703 1827 Chrysippi
1745 1772 1911 1828 libello,
1942 1772 2069 1828 apud

364 1841 663 1884 Plutarchum
702 1841 771 1882 his
811 1841 961 1882 verbis
1000 1840 1185 1895 legitur:
1227 1843 1482 1887 Ὁύ’τοίνυν
1509 1845 1608 1888 οὐδὲ
1648 1848 1778 1888 τοῦτο
1805 1848 2068 1901 παραλιπεῖν

360 1914 476 1966 ἄξιόν
524 1914 653 1967 ἐστιν,
696 1915 762 1958 ὅτι
805 1913 878 1956 καὶ
930 1931 955 1957 τ
975 1915 1002 1957 ὰ
1044 1931 1075 1956 π
1095 1929 1147 1956 αι
1164 1914 1188 1956 ὃ
1208 1914 1262 1956 ία
1311 1915 1369 1957 τὰ
1414 1914 1628 1969 μέλλοντα
1690 1919 1781 1965 τοῖς
1841 1915 2067 1971 τροφίμοις,

359 1986 581 2042 ὑπηρετεῖν
627 1984 700 2027 καὶ
747 1985 912 2034 τούτοις
957 2003 984 2029 σ
999 1985 1023 2028 ι’)
1039 2003 1060 2028 ν
1077 2002 1102 2027 τ
1120 2001 1141 2040 ρ
1160 2001 1182 2027 ο
1201 2001 1229 2039 φ
1248 2002 1275 2028 α
1323 1983 1555 2041 γίγνεσθαι
1602 1985 1811 2042 ζητητέον
1839 1987 2070 2042 πρώτιστα.

358 2057 433 2112 μὲν
474 2056 695 2100 σπουδαῖα
724 2056 821 2106 τοὺς
854 2055 1035 2111 τρόπους
1067 2072 1109 2098 κ.
1133 2071 1172 2097 τ.
1216 2055 1273 2098 λ.’
1309 2052 1425 2108 (cap.
1457 2053 1524 2108 6),;
1556 2053 1681 2108 apud
1728 2053 2069 2109 Quintilianum

358 2124 427 2167 ita
470 2125 680 2179 legimus:
715 2125 814 2173 „De
845 2123 1009 2179 pueris,
1039 2123 1160 2165 inter
1188 2136 1302 2178 quos
1332 2123 1587 2165 educabitur
1612 2123 1686 2166 ille
1718 2124 1824 2166 huic
1850 2124 1948 2179 spei
1981 2124 2063 2166 de-

359 2195 574 2244 stinatus,
608 2194 731 2237 idem
758 2194 883 2250 quod
924 2194 980 2236 de
1016 2193 1274 2236 nutricibus
1306 2193 1485 2237 dictum
1516 2194 1607 2238 sit’'
1645 2194 1699 2249 (I,
1731 2207 1769 2243 1,
1803 2194 1863 2250 7).
1900 2182 2065 2240 Παιδία

358 2269 574 2325 σύντροφα
590 2266 731 2321 igitur
748 2265 910 2307 Latine
928 2264 1088 2307 vertit:
1110 2265 1268 2319 „pueri
1286 2264 1406 2306 inter
1426 2278 1541 2320 quos
1565 2264 1820 2308 educabitur
1837 2265 1956 2306 ille''.

418 2336 554 2392 Quod
578 2336 638 2378 ad
663 2336 805 2377 verba
828 2335 940 2377 haec
964 2335 1202 2378 hactenus.
1232 2336 1331 2377 Iam
1355 2335 1414 2377 ad
1438 2335 1589 2378 locum
1615 2335 1887 2391 Quintiliani
1911 2335 2065 2390 ipsum

404 2539 434 2574 1)
484 2538 533 2567 Cf.
554 2541 736 2575 praeterea
754 2538 826 2568 Cre.
847 2537 890 2567 de
907 2540 981 2567 nat.
1002 2537 1095 2567 deor.
1117 2538 1165 2573 ΙΙ,
1187 2546 1244 2573 34:
1264 2536 1448 2573 „omnium
1466 2539 1586 2566 autem
1604 2544 1730 2572 rerum,
1751 2544 1839 2574 quae
1857 2538 1986 2565 natura
2001 2536 2063 2565 ad·

356 2591 615 2626 ministrantur,
630 2591 823 2620 seminator
836 2593 871 2620 et
885 2593 983 2620 sator
997 2593 1031 2619 et
1047 2598 1184 2627 parens,
1201 2592 1240 2619 ut
1254 2590 1306 2619 ita
1320 2589 1446 2625 dicam,
1463 2592 1570 2626 atque
1584 2589 1739 2619 educator
1752 2591 1780 2618 et
1794 2588 1879 2618 altor
1891 2591 1943 2618 est
1960 2597 2063 2618 mun-

356 2643 464 2679 dus”;
483 2652 545 2680 pro
564 2643 680 2673 Plane.
702 2652 754 2679 33,
773 2644 831 2672 81:
849 2643 954 2681 „quis
971 2646 1023 2672 est
1041 2645 1203 2673 nostrum
1219 2642 1410 2671 liberaliter
1425 2642 1608 2678 educatus,
1627 2641 1681 2671 cui
1698 2650 1768 2671 non
1785 2641 1986 2678 educatores,
2005 2641 2059 2670 cui

355 2704 425 2725 non
443 2696 602 2732 magistri
619 2696 672 2725 sui
690 2698 797 2733 atque
815 2696 988 2732 doctores,
1007 2696 1060 2724 cui
1077 2704 1147 2724 non
1164 2696 1261 2724 locus
1275 2695 1332 2724 ille
1349 2697 1470 2724 mutus
1485 2695 1570 2731 ipse,
1589 2694 1648 2724 ubi
1665 2694 1754 2724 altus
1772 2697 1833 2723 aut
1850 2694 1976 2724 doctus
1992 2697 2059 2729 est,

354 2756 435 2778 cum
452 2752 552 2785 grata
569 2749 811 2778 recordatione
826 2749 862 2777 in
880 2751 998 2778 mente
1016 2751 1185 2784 versetur;
1202 2749 1301 2778 Orat.
1323 2756 1374 2783 13,
1393 2756 1447 2783 42:
1464 2747 1550 2783 „sed
1569 2747 1662 2784 quod
1679 2747 1819 2776 educata
1832 2747 1935 2776 huius
1951 2746 2063 2776 nutri-

355 2801 476 2831 mentis
492 2802 705 2838 eloquentia,
721 2801 799 2838 ipsa
814 2810 850 2830 se
866 2803 990 2838 postea
1007 2802 1139 2831 colorat
1157 2804 1190 2830 et
1209 2800 1363 2835 roborat,
1381 2808 1450 2829 non
1468 2801 1620 2830 alienum
1636 2800 1716 2836 fuit,
1735 2799 1777 2829 de
1793 2799 1942 2829 oratoris
1959 2799 2059 2836 quasi
2096 2794 2097 2797 ¹

351 2854 575 2884 incunabulis
597 2853 747 2883 dicere.’¹
