2228 3366
2005 6 2014 10 Α»
2030 0 2035 11 1¹
2224 4 2228 15 Ι

1183 227 1237 269 26

427 356 510 397 His
552 356 712 397 statim
754 355 995 404 addamus,
1039 368 1155 410 quae
1197 355 1252 398 de
1295 368 1538 410 puerorum
1579 355 1812 398 sodalibus
1854 355 2069 411 legimus:

368 427 524 482 Quint.
553 427 587 475 I,
616 439 653 474 1,
679 438 718 480 7.
743 426 845 475 „De
869 425 1019 480 pueris
1041 425 1160 467 inter
1183 439 1296 481 quos
1313 425 1585 468 educabitur
1601 426 1673 467 ille
1691 427 1796 469 huic
1814 427 1910 482 spei
1928 426 2072 469 desti-

366 501 518 546 natus,
545 497 666 538 idem
693 496 816 551 quod
842 496 897 537 de
917 496 1178 557 *nutricibus
1204 496 1382 538 dictum
1407 496 1510 541 sit.”

427 567 546 609 Plut.
586 581 684 622 cap.
730 567 770 609 6.
815 581 858 622 p.
886 579 912 620 3
938 567 956 608 f
979 579 1007 621 4
1031 581 1071 608 a.
1099 569 1164 612 Οὐ
1195 570 1331 612 τοίνυν
1366 569 1464 612 οὐδὲ
1496 573 1623 612 τοῦτο
1656 573 1912 625 παραλιπεῖν
1945 570 2068 622 ἄξιόν

366 641 496 694 ἐστιν,
529 642 594 683 ὅτι
630 640 706 683 καὶ
737 641 795 684 τὰ
825 640 974 684 παιδία
1003 641 1061 684 τὰ
1093 640 1309 695 μέλλοντα
1340 644 1432 690 τοῖς
1464 641 1685 696 τροφίμοις
1724 641 1952 696 ὑπηρετεῖν
1993 640 2070 685 καὶ

364 712 528 762 τούτοις
577 712 794 768 σύντροφα
836 712 1066 768 γίγνεσθαι
1111 710 1316 768 ζητητέον
1363 712 1588 766 πρώτιστα
1616 712 1688 766 μὲν
1721 711 1942 755 σπουδαῖα
1969 712 2068 762 τοὺς

363 783 562 837 τρόπους,
602 784 665 826 ἐ’τι
695 782 840 837 μέντοι
872 781 1122 838 εΕλληνικεῗι
1158 782 1231 825 καὶ
1261 783 1495 837 περίτρανα
1525 785 1690 835 λαλεῖν,
1724 782 1794 824 ἵνα
1817 783 1875 838 μὴ
1894 799 2074 826 συνανα-

361 845 648 909 χρὼννύμενοι
695 854 925 910 βαρβάροις
962 852 1035 895 καὶ
1067 851 1116 895 τὸ
1147 853 1261 908 ἦθος
1298 855 1543 910 μοχθηροῖς
1579 852 1880 909 ἀποφέρωνταί
1913 867 1955 896 τι
1994 856 2071 909 τῆς

366 924 535 967 ἐκείνων
570 924 855 980 φαυλότητος.

426 992 604 1047 Quibus
623 992 744 1033 inter
762 1005 808 1033 se
829 991 1106 1046 comparatis
1126 1005 1261 1033 nemo
1282 1005 1373 1033 non
1395 991 1520 1033 vide-t
1542 991 1890 1033 similitudinem
1909 991 2073 1033 horum

371 1063 607 1105 Plutarchi
645 1067 691 1104 et
732 1062 1003 1117 Quintiliani
1042 1062 1246 1104 locorum
1286 1067 1468 1104 tantam
1507 1075 1617 1111 esse,
1657 1067 1708 1104 ut
1750 1062 1898 1105 dicere
1937 1062 2072 1104 liceat

370 1133 669 1175 Plutarchum
723 1133 1026 1188 Chrysippeas
1081 1133 1332 1177 sententias
1386 1133 1615 1188 praebere.
1656 1133 1774 1175 Tum
1811 1132 1953 1175 etiam
1975 1132 2075 1175 ani-

366 1204 750 1247 madvertendum
769 1208 853 1252 est,
871 1204 1206 1259 Quintilianum
1224 1204 1354 1258 plura
1379 1204 1560 1245 tradere
1586 1217 1726 1258 quam
1753 1203 2072 1252 Plutarchum,

367 1275 490 1330 apud
513 1288 648 1329 quem
670 1275 782 1316 nihil
804 1275 859 1316 de
881 1274 1078 1316 triennio
1097 1274 1188 1323 illo,
1213 1274 1336 1329 quod
1359 1274 1638 1329 Chrysippus
1659 1274 1917 1316 nutricibus
1937 1273 2075 1316 dede-

366 1346 439 1395 rit,
465 1346 576 1387 nihil
600 1345 655 1387 de
679 1346 889 1394 carmine,
917 1344 1041 1400 quod
1064 1344 1373 1399 adsignaverit
1397 1345 1666 1394 nutricibus,
1691 1345 1965 1387 invenimus.

428 1416 596 1458 Incidit
640 1416 772 1457 nobis
815 1416 1011 1470 suspicio
1056 1416 1340 1474 Quintiliano
1381 1415 1586 1457 libellum
1630 1415 1872 1471 Chrysippi
1913 1415 2075 1458 melius

368 1487 712 1542 quodammodo
744 1490 908 1528 notum
941 1486 1078 1527 fuisse
1111 1499 1251 1541 quam
1284 1486 1545 1528 Plutarcho.
1580 1486 1652 1528 Ad
1684 1487 1801 1528 hanc
1834 1499 1932 1528 rem
1963 1499 2074 1528 enu-

367 1557 606 1599 cleandam
628 1557 820 1599 fortasse
842 1557 1028 1612 expedit
1049 1557 1265 1599 iamnunc
1286 1558 1556 1599 summatim
1576 1570 1818 1612 exponere,
1841 1557 2074 1613 quomodo

366 1628 579 1683 equidem
632 1628 891 1669 existimem
937 1628 1235 1670 Plutarchum
1279 1641 1303 1669 e
1348 1627 1602 1683 Chrysippo
1647 1627 1856 1682 pendere.
1906 1628 2073 1670 Postea

366 1698 549 1753 reliquis
596 1712 777 1753 quoque
824 1698 1066 1753 capitibus,
1115 1698 1281 1754 quibus
1327 1699 1382 1740 de
1423 1698 1749 1753 posterioribus
1783 1698 2071 1741 educationis

367 1770 497 1811 annis
519 1783 666 1811 sermo
687 1773 771 1818 est,
794 1769 1022 1818 tractatis,
1042 1769 1301 1824 opinionem
1320 1782 1472 1811 meam
1486 1769 1773 1823 gravioribus
1790 1767 2072 1824 argumentis

366 1840 569 1882 stabilire
595 1844 767 1894 potero.
797 1840 868 1882 Sic
893 1840 984 1881 fere
1009 1853 1104 1881 rem
1129 1853 1175 1881 se
1199 1840 1411 1882 habuisse
1438 1844 1571 1894 puto:

428 1911 702 1952 Plutarchus
723 1911 975 1965 scripturus
996 1911 1051 1952 de
1071 1910 1316 1952 liberorum
1335 1911 1606 1952 educatione
1626 1910 1731 1952 hinc
1750 1910 1872 1952 illinc
1892 1910 2071 1965 collegit

366 1995 435 2031 ea,
460 1995 578 2036 quae
601 1986 738 2023 antea
759 1981 814 2023 de
835 1981 995 2023 eodem
1018 1985 1290 2035 argumento
1311 1980 1567 2035 philosophi
1589 1981 1877 2036 scripserant.
1903 1981 2082 2022 Incidit

366 2052 412 2093 in
438 2052 620 2107 librum⁷
647 2052 694 2092 in
721 2065 812 2106 quo
839 2052 950 2107 quid
976 2052 1031 2093 de
1057 2051 1328 2093 educatione
1356 2051 1495 2093 Stoici
1523 2055 1662 2106 atque
1687 2051 1912 2106 imprimis
1929 2050 2072 2106 Chry-

367 2123 538 2177 sippuS,
566 2123 823 2164 Stoicorum
847 2122 1041 2177 scriptor
1063 2122 1135 2163 ille
1162 2124 1256 2168 κατ’
1287 2124 1455 2181 ἑξόχην,
1477 2122 1854 2177 composuissent,
1873 2122 2069 2164 invenit.

368 2193 455 2234 Hic
492 2197 648 2234 autem
685 2193 801 2234 liber
836 2193 1120 2247 conscriptus
1156 2197 1254 2234 erat
1292 2193 1351 2235 ab
1387 2192 1569 2235 homine
1606 2192 1822 2248 quodam,
1861 2193 1942 2248 qui
1979 2193 2071 2235 sibi

367 2268 671 2318 proposuerat
698 2277 722 2304 e
750 2258 1007 2305 Stoicorum
1034 2263 1214 2318 scriptis
1240 2276 1479 2318 excerpere
1505 2277 1574 2314 ea,
1604 2276 1721 2318 quae
1741 2263 1991 2305 attinerent
2010 2263 2070 2305 ad

368 2334 613 2375 liberorum
642 2334 975 2375 educationem.
1009 2334 1248 2388 Copiosam
1277 2334 1381 2375 huic
1410 2334 1583 2376 homini
1612 2334 1894 2389 praebebant
1923 2338 2070 2376 mate-

367 2405 481 2446 riam
515 2404 757 2459 Chrysippi
788 2404 979 2453 libellus,
1015 2405 1094 2459 qui
1119 2409 1216 2446 erat
1235 2406 1332 2462 περὶ
1349 2408 1490 2463 γάμου
1512 2418 1564 2447 ac
1585 2404 1852 2459 praesertim
1872 2403 2067 2453 libellus,

368 2475 438 2516 cui
481 2479 578 2516 erat
617 2475 780 2516 titulus
805 2476 901 2532 περὶ
932 2478 1257 2534 παιδοτροφίας.
1287 2475 1374 2516 Hic
1400 2488 1507 2517 vero
1533 2489 1638 2516 cum
1663 2475 1784 2516 solus
1809 2478 1929 2516 esset
1954 2473 2071 2515 liber

366 2637 510 2682 πρῶτον
533 2637 603 2682 μέν
628 2641 746 2670 nichts
761 2641 976 2677 entsprieht;
992 2641 1082 2670 nach
1096 2634 1225 2670 ΕΣΙΝ
1244 2641 1375 2670 konnte
1390 2634 1521 2669 ΕΤΙΔ
1539 2641 1643 2670 leicht
1661 2641 1871 2676 ausfallen‚’'
1889 2649 1922 2677 p.
1941 2642 2017 2677 267,
2038 2650 2067 2670 1.

368 2693 655 2722 Menduminesse
676 2693 756 2722 huic
772 2694 848 2722 loco
866 2693 1129 2724 WYTTENBACH
1152 2703 1290 2730 quoque
1308 2694 1578 2723 animadvertit:
1596 2694 1808 2729 „Caeterum
1824 2694 2067 2730 expectaverit

369 2746 446 2782 quis
497 2746 704 2782 scriptorem
750 2746 816 2775 alia
864 2754 967 2783 porro
1004 2747 1184 2776 nutricum
1216 2746 1335 2775 officia
1372 2749 1630 2781 enarraturum,
1667 2755 1785 2775 orsum
1821 2746 1880 2775 illa
1915 2746 2067 2775 formula

365 2791 614 2840 δοκιμαστέον
655 2792 736 2828 ἐστὶ
777 2795 922 2842 πρῶτον
965 2788 1034 2841 μὲν
1079 2796 1155 2833 τοῖς
1197 2790 1335 2840 ἤθεσιν
1365 2790 1601 2840 Ἑλληνίδας
1618 2802 1627 2828 2
1658 2799 1724 2828 iste
1753 2799 1821 2828 alia
1847 2799 1969 2828 officia
1995 2807 2067 2827 non

367 2851 478 2887 addit,
494 2852 631 2880 nullum
645 2852 805 2888 sequitur
819 2845 900 2881 εἶτα
917 2843 960 2881 δέ
974 2860 1037 2881 nec
1052 2852 1173 2881 similis
1189 2852 1325 2881 forma”
1344 2852 1390 2889 (p.
1409 2852 1475 2888 84).
