2228 3366
0 0 50 91 Γ
66 0 238 42 2·1†}‘⁷„Q[3„..'
367 8 380 11 ⁷

0 101 3 122 ἶ
31 102 35 104 “
66 109 70 114 .

0 168 1 176 ,

979 194 1038 250 69

131 319 232 382 —pro
271 337 382 368 voce
405 326 455 380 q.
487 337 527 367 e.
564 327 769 383 ἑκάτερος
807 324 997 380 legimus
1025 329 1192 383 ἅτερος,
1219 324 1365 367 omnis
1390 323 1644 367 difficultas
1667 324 1859 367 tollitur.

206 396 448 447 Praeterea
497 396 809 452 Wyttenbach
860 396 1092 452 improbat
1141 395 1361 438 nonnulla
1411 395 1689 451 „singularia
1736 395 1862 438 dicta

145 467 406 523 iudiciaque
443 467 724 523 scriptoris.”
766 467 976 517 „Horum
1013 481 1106 509 non
1144 481 1292 523 pauca
1329 471 1450 517 sunt,
1490 467 1538 509 in
1576 467 1743 523 quibus
1780 481 1863 510 nec

145 537 269 582 ratio'
281 552 365 581 nec
382 539 622 581 consilium
639 553 756 595 appa
764 543 876 589 reat,
897 552 1104 595 quaeque
1123 539 1268 594 magis
1285 552 1390 580 cum
1409 538 1570 594 puerili
1587 539 1863 594 negligentia

145 623 200 653 ac
254 610 530 660 temeritate,
573 624 713 666 quam
753 624 860 653 cum
900 610 1099 665 cogitate
1140 610 1380 652 scribentis
1420 610 1658 665 diligentia
1697 624 1862 653 conve-

144 681 334 740 niantsss
368 680 490 737 Quid
529 681 831 737 reprehendat
872 682 919 724 in
960 681 1231 737 Cleophanti
1271 681 1483 737 exemplo
1522 695 1670 738 neque
1711 682 1858 732 video,

143 766 292 810 neque
319 753 415 809 ipse
444 753 661 796 ostendit.
692 753 799 809 Cap.
833 753 910 803 IV,
941 767 984 809 p.
1017 753 1064 796 2f
1109 752 1310 795 Thessali
1339 752 1516 795 dictum
1544 753 1610 795 ita
1637 753 1860 795 insertum

142 824 332 875 iudicat,
360 829 412 867 ut
437 825 501 867 nil
526 825 587 867 ad
610 838 706 866 rem
731 825 974 880 pertineat.
1002 825 1062 867 At
1089 824 1150 866 nil
1177 828 1246 866 est
1271 824 1358 866 nisi
1383 824 1644 879 exemplum
1669 838 1857 877 novum,

142 896 302 940 multis
334 896 434 938 aliis
465 896 685 951 exemplis
718 896 944 946 additum,
981 896 1148 952 quibus
1179 896 1438 938 illustratur
1473 896 1669 938 auctoris
1703 896 1860 952 opinio

141 967 470 1010 exercitatione
486 972 532 1010 et
549 967 782 1010 laboribus
798 968 1006 1010 homines
1022 967 1229 1010 meliores
1245 968 1357 1009 fieri.
1378 967 1580 1009 Thessali
1596 968 1858 1023 exemplum

141 1043 196 1082 ut
223 1053 316 1082 non
345 1038 546 1082 nitidum
574 1044 658 1089 est,
690 1040 757 1082 ita
786 1044 943 1083 tamen
974 1040 1174 1095 pertinet
1204 1039 1264 1082 ad
1292 1053 1402 1082 rem.

201 1110 335 1167 Quod
370 1124 469 1166 cap.
509 1111 615 1161 VII,
654 1125 697 1166 p
736 1111 810 1165 4b,
849 1111 928 1153 ubi
966 1110 1124 1160 dicit,
1133 1111 1320 1160 ,bonum
1352 1111 1668 1166 paedagogum
1695 1111 1858 1154 debere

94 1181 336 1234 „similem
378 1195 474 1224 esse
520 1182 748 1232 Phoenici,
795 1183 982 1225 Achillis
1025 1183 1337 1238 paedagogo’'‚
1383 1196 1475 1225 non
1504 1182 1648 1235 addit,
1679 1183 1858 1239 „qualis

78 1258 81 1261 '
141 1253 278 1296 fuerit
302 1253 520 1303 Phoenix,
545 1268 662 1310 quae
684 1255 780 1296 eius
801 1255 848 1296 in
870 1254 954 1297 hoc
977 1267 1163 1296 munere
1196 1253 1374 1305 dotes”‚
1408 1254 1494 1296 hoc
1540 1254 1678 1296 modo
1714 1255 1858 1310 expli-

125 1329 294 1368 catur:
329 1329 411 1368 aut
445 1325 506 1368 ab
538 1326 638 1381 ipso
675 1326 920 1368 Plutarcho
956 1326 1193 1368 Phoenicis
1245 1325 1507 1381 exemplum
1541 1325 1754 1368 additum
1787 1331 1856 1368 est

96 1436 98 1439 .
139 1401 188 1439 et
217 1401 378 1453 postea
405 1397 452 1439 in
481 1397 610 1447 libro,
643 1397 702 1440 ad
732 1411 869 1453 quem
898 1396 1268 1453 componendum
1296 1397 1535 1439 materiem
1564 1398 1853 1453 congerebat,

45 1513 50 1519 ,
139 1467 402 1511 distinctius
427 1468 485 1514 de
507 1469 629 1511 claro
653 1469 731 1511 illo
756 1469 1020 1524 paedagogo
1045 1473 1232 1511 acturus
1256 1473 1368 1518 erat,
1396 1472 1492 1519 aut,
1511 1469 1559 1511 id
1577 1469 1701 1524 quod
1718 1474 1855 1524 putat

122 1539 358 1596 ‘Dyroff‚²)
395 1539 669 1583 Plutarchus
701 1541 939 1583 Phoenicis
969 1554 1134 1583 nomen
1166 1540 1344 1582 invenit
1375 1540 1500 1596 apud
1532 1540 1852 1596 Chrysippum,

139 1611 266 1668 apud
297 1625 434 1668 quem
465 1611 522 1654 de
552 1625 605 1654 eo
638 1612 769 1668 plura
800 1626 892 1654 non
923 1612 1206 1667 legebantur,
1240 1616 1322 1654 aut
1354 1616 1515 1654 auctor
1545 1612 1659 1654 satis
1690 1617 1854 1654 notum

137 1695 234 1725 esse
260 1682 499 1732 iudicavit,
531 1683 609 1739 qui
638 1683 928 1739 paedagogus
958 1683 1162 1725 Phoenix
1190 1683 1401 1738 fuisset.2)

199 1754 340 1804 „Mox
372 1754 429 1796 de
461 1754 668 1809 magistro
701 1754 907 1797 dicturus
939 1755 1006 1797 ita
1039 1755 1287 1810 praefatur,
1323 1759 1375 1796 ut
1410 1755 1534 1797 dicat
1568 1755 1654 1797 hoc
1686 1769 1854 1798 munus

137 1838 233 1869 esse
284 1829 456 1872 πάντων
494 1828 697 1886 μέγιστον
752 1828 830 1872 καὶ
874 1829 1140 1885 κυριώτατον
1189 1832 1272 1872 τῶν
1306 1828 1552 1886 εἰρημένων,
1590 1840 1642 1869 ac
1675 1827 1712 1869 si
1745 1841 1852 1882 piae

136 1897 370 1952 magistro,
420 1897 710 1953 paedagogus
755 1902 802 1939 et
845 1898 967 1953 prior
1002 1897 1306 1939 institutionis
1341 1911 1446 1953 pars
1481 1898 1608 1940 levis.
1630 1899 1852 1941 momenti

103 1977 106 1980 ⁴
136 1968 243 2012 sit.”
290 1969 352 2025 ᾼῒ
402 1958 696 2024 nequaquam
731 1973 893 2011 auctor
925 1969 1241 2024 paedagogum
1274 1969 1387 2011 levis
1420 1970 1642 2012 momenti
1675 1970 1851 2013 iudicat

137 2038 335 2099 (“πολλὴν
367 2042 615 2099 ἐπιμέλειαν
643 2043 792 2087 ἑκτέον
823 2042 918 2087 ἐστὶ
949 2047 1026 2100 τῆς
1058 2044 1222 2087 τούτων
1252 2044 1587 2095 καταστάσεως’
1623 2042 1690 2084 ita
1714 2042 1851 2098 paulo

122 2125 270 2167 supra
287 2111 512 2168 legimus),
531 2113 611 2155 sed
628 2113 834 2168 magistri
845 2126 1013 2155 munus
1032 2113 1222 2154 maximi
1242 2114 1463 2155 momenti
1484 2113 1749 2156 arbitratur.
1768 2113 1850 2156 Cui

121 2183 447 2226 aestimationi
467 2184 569 2239 quis
589 2197 677 2226 non
702 2184 1002 2226 assentietur?
1027 2185 1147 2226 Nam
1167 2185 1387 2239 magistro
1407 2198 1520 2240 puer
1537 2185 1850 2227 instituendus

137 2254 456 2304 committitur,
492 2259 538 2297 et
588 2259 706 2315 πηγὴ
762 2259 839 2302 καὶ
891 2258 989 2315 ῥίζα
1024 2259 1376 2315 καλοκαγαθίας
1404 2260 1454 2302 τὸ
1492 2257 1670 2315 νομίμού
1701 2262 1849 2316 τυχεῖν

137 2328 345 2380 παιδείας.
370 2326 483 2368 Prae
500 2327 721 2382 magistro
738 2327 1053 2383 paedagogum
1070 2332 1115 2369 et
1134 2328 1330 2383 priorem
1346 2327 1651 2370 institutionis
1669 2332 1848 2383 partem

134 2411 228 2440 non
257 2397 371 2440 levis
401 2398 638 2448 momenti,
671 2398 751 2440 sed
781 2399 968 2441 minoris
999 2399 1222 2441 momenti
1251 2412 1347 2441 esse
1378 2404 1540 2442 auctor
1570 2399 1649 2442 ait.

194 2469 276 2519 Ea,
324 2483 442 2525 quae
469 2469 660 2525 legimus
687 2484 786 2526 cap.
818 2471 923 2520 VII,
954 2485 997 2526 p.
1029 2481 1108 2524 5a:
1136 2473 1191 2517 Τί
1219 2474 1294 2516 οὖν
1334 2472 1558 2531 συμβαίνει
1593 2478 1737 2523 κ.τ.λ.,
1768 2485 1849 2514 cur

133 2553 227 2583 non
258 2545 512 2596 congruant
544 2542 851 2597 superioribus
884 2542 1034 2584 verbis
1066 2547 1285 2598 aptamve
1307 2542 1586 2584 sententiam
1623 2556 1717 2585 non
1747 2542 1847 2585 red*-

118 2611 264 2662 *dant,
292 2612 505 2668 equidem
532 2627 625 2655 non
653 2613 800 2663 video,
830 2627 978 2670 neque
1006 2614 1319 2670 Wyttenbach
1346 2614 1647 2657 demonstrat.

194 2683 320 2739 Quae
349 2688 510 2726 auctor
536 2698 635 2741 cap.
666 2685 797 2735 VIII,
829 2700 872 2741 p.
903 2696 955 2739 5c
983 2685 1095 2727 dicit
1123 2685 1178 2735 de
1207 2686 1358 2728 bonis:
1391 2699 1475 2736 „ea
1501 2699 1596 2728 esse
1624 2680 1842 2736 Humana,

181 2812 195 2833 1
288 2827 294 2833 .
324 2812 341 2833 2
371 2812 398 2833 1.

178 2803 212 2894 23
260 2813 311 2887 gf.
330 2812 496 2894 gmon,
514 2866 546 2896 p.
565 2867 626 2895 291
645 2867 678 2889 n.
700 2868 728 2889 1.
747 2859 949 2890 VVY1TENB.
968 2868 1000 2897 p.
1020 2868 1072 2896 90.
