2228 3366
1184 218 1241 270 56

367 348 587 402 scriptum
609 346 734 388 istud
758 346 1014 401 profectum
1037 359 1127 389 non
1151 359 1260 395 esse,
1287 347 1394 402 quia
1417 347 1634 390 nonnulla
1657 348 1704 390 in
1727 361 1781 390 eo
1805 353 2058 399 occurrant,

367 431 484 473 quae
510 432 537 460 a
561 421 718 459 nostro
743 420 927 458 auctore
951 416 998 457 in
1024 417 1123 458 aliis
1146 417 1271 458 libris
1297 410 1574 459 contrarium
1598 419 1644 460 in
1670 418 1858 461 modum
1883 418 2061 474 prolata

368 492 448 530 aut
484 487 712 542 explicata
746 487 1052 529 inveniantur.
1091 487 1278 529 Dudum
1313 488 1434 529 enirn
1470 488 1765 531 ostenderunt
1802 490 1886 531 viri
1921 488 2059 539 docti,

367 572 458 602 non
506 558 739 599 insolitum
788 557 923 601 fuisse
973 557 1218 600 Plutarcho
1265 558 1447 600 easdem
1495 559 1743 601 sententias
1789 552 2062 616 easdemdue

367 628 578 670 historias
612 628 838 670 flectendo
873 642 925 670 ac
958 628 1215 684 torquendo
1248 629 1307 671 ad
1341 629 1667 671 diversissimos
1701 643 1860 685 scopos
1887 644 2063 673 accom-

366 698 565 741 modare.
607 700 758 741 Genus
797 703 916 740 certe
954 698 1146 753 dicendi,
1189 700 1320 742 Plato
1357 704 1403 741 et
1443 700 1682 755 Euripides
1720 700 1978 756 saepissime
2014 701 2063 743 in

368 773 520 824 partes
549 770 715 819 vocati,
746 784 798 812 ac
825 770 998 825 reliqua
1027 770 1179 812 omnia
1206 771 1253 812 in
1280 770 1408 819 libro,
1440 770 1494 812 de
1524 785 1615 826 quo
1643 770 1919 826 disputatur,
1949 770 2064 831 adeo
2092 789 2095 791 ·

367 854 472 882 cum
519 841 707 882 caeteris
756 841 1078 883 Chaeronensis
1126 827 1382 896 philosophi
1430 841 1608 896 scriptis
1656 841 1960 892 consentiunt,
2009 845 2062 884 ut

366 911 494 953 illum
544 925 624 966 pro
675 925 889 966 germano
936 911 1139 953 eiusdem
1188 911 1355 966 ingenii
1390 911 1519 953 foetu
1552 912 1715 954 merito
1750 925 2061 966 agnoscamus.

369 981 634 1024 Orationem
688 986 844 1024 tamen
896 983 932 1024 si
989 982 1090 1037 quis
1149 981 1334 1024 obiiciat
1374 982 1422 1023 in
1463 982 1548 1026 hoc
1588 982 1756 1037 scripto
1797 982 2064 1038 pressiorem

368 1056 507 1107 atque
548 1052 1000 1108 circumscriptiorem
1027 1066 1273 1101 occursare,
1302 1066 1441 1108 quam
1466 1053 1513 1094 in
1540 1052 1637 1094 aliis
1665 1052 1897 1095 Plu†arehi
1922 1052 2061 1102 libris,

366 1116 445 1163 ille
471 1123 741 1172 meminerit,
772 1123 978 1165 homines
996 1137 1100 1181 cum
1119 1127 1285 1172 aetate,
1305 1127 1358 1164 ut
1377 1137 1523 1165 mores
1539 1123 1607 1165 ita
1624 1123 2063 1179 stilum-plerumque

367 1193 633 1235 immutare„
662 1194 722 1235 Et
757 1193 867 1249 quid
901 1193 1110 1249 prohibet
1144 1194 1375 1249 suspicari,
1411 1194 1531 1235 hunc
1563 1185 1729 1235 librum
1762 1207 1789 1237 a
1819 1193 2064 1236 Plutarcho

367 1268 519 1305 aetate
529 1264 628 1305 iam
645 1269 862 1319 provecto
879 1265 1186 1319 conscriptum
1202 1277 1310 1314 esse,
1330 1268 1381 1306 ut
1399 1265 1573 1306 senium
1591 1264 1785 1319 priorem
1802 1263 2064 1306 absterserit

368 1334 721 1377 redundantiam
754 1340 1072 1390 tumoremque
1106 1335 1479 1390 compresserit?”

388 1434 395 1437 ,γ
414 1405 644 1448 ΥΙΟΑΝΝΕΞ
682 1398 945 1455 'Rei-mnus,
997 1406 1075 1461 qui
1127 1406 1358 1448 Plutarchi
1408 1406 1555 1448 vitam
1603 1405 1795 1460 scripsit,
1846 1405 2062 1455 libellum,

368 1479 623 1517 secutus-ut
639 1477 895 1531 suspicatur
914 1476 1225 1531 Wyttenbach
1244 1477 1486 1525 Muretum,
1506 1476 1626 1518 inter
1643 1476 1818 1531 spurios
1836 1479 2063 1526 numerat,

368 1546 505 1589 nullo
523 1539 682 1588 addito
711 1548 1030 1602 argumento.1)

377 1644 379 1647 -
428 1617 667 1659 Summum
703 1631 810 1659 vero
831 1618 1177 1660 WYTTENBACH
1210 1617 1347 1660 ibello
1362 1617 1563 1659 laborem
1575 1616 1799 1672 impendit
1819 1607 2058 1659 scribenda

369 1687 695 1743 disputatione,
743 1702 834 1743 qua
873 1688 1130 1730 ostenderet
1177 1689 1473 1743 „scriptorem
1517 1688 1650 1729 huius
1692 1687 1795 1729 libri
1838 1700 1930 1729 non
1968 1699 2064 1729 esse

370 1758 666 1800 Plutarchum
687 1759 1076 1801 Chaeronensem''
1099 1773 1238 1814 quam
1257 1759 1630 1814 disputationem,
1651 1758 1868 1813 scriptam
1887 1770 2066 1800 summa

370 1822 582 1877 sollertia,
659 1822 997 1884 perspicuitate,
1073 1829 1322 1871 sermonis·
1363 1829 1601 1883 elegantia,
1677 1828 1909 1883 praemisit
1968 1827 2079 1891 ani-—

370 1899 765 1941 madversionibus
801 1900 848 1941 in
884 1900 1087 1941 libellum
1124 1900 1272 1942 factis.
1302 1900 1369 1941 De
1394 1899 1529 1941 huius
1550 1899 1770 1954 imprimis
1788 1898 2065 1953 argumentis

370 1970 455 2012 hoc
483 1970 632 2025 capite
659 1971 770 2011 mihi
798 1970 1025 2025 agendum
1052 1984 1147 2012 esse
1175 1970 1370 2012 videtur.

428 2041 798 2082 Abiudicandum
826 2052 920 2082 esse
947 2041 1149 2085 libellum
1178 2055 1204 2083 a
1233 2040 1477 2082 Plutarcho
1504 2039 1781 2094 argumentis
1809 2052 1833 2080 e
1859 2051 2065 2080 sermone

369 2112 520 2153 ductis
569 2112 804 2153 ostendere
846 2116 1037 2154 conatus
1069 2116 1137 2153 est
1172 2112 1414 2153 BURKARD
1447 2111 1867 2169 WEISSENBERQER
1897 2109 1945 2150 in
1977 2108 2066 2151 dis-

371 2183 624 2238 putatione,
666 2183 738 2224 cui
777 2182 959 2224 titulus:
1003 2183 1118 2232 „Die
1159 2181 1355 2237 Sprache
1396 2181 1634 2223 Plutarchs
1674 2194 1764 2222 von
1803 2179 2063 2223 Chaeronea

370 2253 465 2296 und
498 2253 570 2296 die
604 2252 1143 2308 pseudoplutarchischen
1178 2252 1416 2301 Schriften,
1453 2252 1700 2306 Straubing
1733 2250 1890 2306 1895.''

431 2324 529 2373 „De
555 2323 752 2378 optativi
777 2323 902 2378 apud
927 2323 1223 2365 Plutarchum
1247 2323 1362 2364 usu'¹
1388 2323 1624 2378 inquisivit
1649 2322 1908 2363 ALFREDUS
1933 2320 2066 2362 HEIN

376 2394 676 2449 (Trebnitziae
728 2395 872 2449 1915),
918 2394 995 2449 qui
1043 2407 1099 2435 ex
1126 2393 1324 2449 optativi
1351 2407 1436 2435 usu
1462 2393 1555 2435 iam
1583 2396 1738 2448 patere
1765 2392 1830 2434 ait
1858 2390 2066 2434 libellum

370 2465 616 2519 genuinum
636 2464 809 2506 haberi
839 2478 931 2506 non
963 2477 1106 2519 posse.
1141 2465 1208 2505 De
1239 2464 1475 2518 utriusque
1501 2463 1584 2505 viri
1606 2461 1883 2517 argumentis
1915 2473 2062 2515 agam.

399 2535 491 2576 1Hi
529 2534 651 2576 docti
689 2535 772 2576 viri
807 2535 888 2576 soli
925 2539 1046 2584 sunt,
1083 2535 1161 2590 qui
1197 2533 1308 2576 data
1336 2547 1471 2589 opera
1499 2533 1671 2588 egerint
1707 2531 1762 2574 de
1783 2530 2062 2587 quaestione,

371 2619 653 2661 quamquam
711 2605 786 2647 alii
830 2618 1010 2660 quoque
1052 2618 1155 2647 eam
1192 2605 1461 2659 tetigerunt.
1508 2604 1559 2645 E.
1605 2617 1645 2657 g.
1691 2600 2063 2657 scriptiunculam

417 2796 446 2832 1)
496 2795 579 2825 Vita
602 2795 790 2832 Plutarchi,
814 2804 889 2833 cap.
916 2795 995 2831 XX,
1020 2804 1050 2832 p.
1076 2803 1128 2829 41.
1147 2794 1279 2824 Addita
1295 2799 1347 2823 est
1364 2793 1447 2823 haec
1469 2793 1613 2823 Rmmx
1631 2780 1708 2822 vita
1725 2791 1870 2823 editioni
1888 2790 2064 2820 parisinae

371 2848 453 2878 anni
478 2849 573 2885 1624.
1832 2854 1834 2856 ’
