2228 3366
1226 209 1281 253 68

407 339 622 395 Stilponis
655 339 830 381 dictum
862 338 1009 381 tribus
1041 338 1149 380 locis
1182 339 1329 381 tribus
1362 339 1509 381 ‘modis
1542 343 1768 382 narratur.
1805 329 1930 384 Nulli
1960 340 2102 397 igitur

405 414 672 465 argumento
703 413 826 451 sunt.

462 480 688 523 Theocriti
721 479 818 522 Chii
849 480 896 522 in
929 480 1210 535 Antigonum
1242 493 1391 535 regem
1424 480 1664 523 dicterium
1695 482 1881 538 eiusque
1914 482 2102 525 eaedem

405 550 582 593 diverso
606 550 744 593 modo
767 551 940 593 narrari
965 564 1066 606 cap.
1092 551 1218 601 XIV,
1245 565 1288 606 p.
1319 551 1417 601 nb,
1444 565 1468 593 c
1493 566 1545 594 ac
1571 552 1725 608 Symp.
1755 553 1939 608 Quaest.
1968 553 2030 604 ΙΙ,
2059 566 2098 604 1,

405 636 447 676 p.
491 621 615 674 6330,
642 621 982 664 concedendum
1021 626 1104 663 est.
1149 622 1309 663 Nonne
1350 635 1457 664 vero
1497 622 1602 664 inde
1642 623 1753 665 haec
1794 604 2100 679 discrepantia

405 696 506 734 orta
533 705 628 734 esse
657 696 823 747 potest,
854 692 978 748 quod
1006 696 1166 734 auctor
1192 692 1371 734 duobus
1399 693 1603 735 fontibus
1630 707 1739 735 usus
1766 698 1835 736 est
1862 694 1910 742 in
1936 694 2100 736 exseri-

406 763 556 806 benda
579 763 664 805 hac
687 763 1027 805 narratiuncula
1049 767 1110 812 et,
1136 777 1240 805 cum
1263 763 1461 805 multum
1483 764 1701 819 temporis
1723 764 1960 807 interesset
1982 765 2102 807 inter
2166 767 2169 773 “

403 834 662 876 scribendos
688 834 839 883 libros,
873 834 930 875 de
959 834 1176 876 memoria
1206 834 1300 875 eius
1330 833 1558 876 exciderat
1593 835 1686 877 iam
1733 835 1864 877 aliter
1915 848 1961 877 se
1998 848 2100 878 eam

402 905 631 947 narrasse?
708 904 840 960 Quod
906 905 1082 949 factum
1146 918 1255 954 esse,
1311 918 1364 946 eo
1419 905 1593 947 facilius
1654 905 1948 961 intellegitur,
1989 919 2096 948 curn

402 980 657 1018 extremam
698 989 887 1017 manum
927 975 1042 1019 libro
1083 975 1288 1017 nondum
1329 975 1631 1031 imposuisset.
1676 977 1721 1019 Si
1762 973 1883 1018 recte
1924 975 2099 1019 iudicat

404 1045 584 1101 Dymis,
620 1046 698 1101 qui
727 1046 1019 1101 suspicatur1)
1055 1050 1287 1088 auctorem
1305 1046 1446 1088 etiam
1465 1046 1575 1088 haec
1594 1047 1814 1102 exempla,
1835 1060 1892 1089 ex
1911 1047 2101 1090 historia

404 1117 563 1172 petita,
601 1116 763 1159 debere
800 1117 1066 1176 Chrysippo,
1112 1117 1189 1159 illa
1240 1117 1544 1172 discrepantia
1596 1117 1804 1160 miranda
1832 1132 1946 1160 non
2014 1122 2098 1161 est.

405 1187 493 1230 Sed
518 1201 573 1229 ne
600 1188 637 1229 si
667 1187 727 1230 ab
758 1188 858 1243 ipso
887 1186 1070 1240 quidem
1089 1188 1332 1230 Plutarcho
1353 1187 1513 1230 addita
1532 1189 1638 1238 sint,
1660 1187 1917 1231 detrectant
1943 1192 2099 1231 aucto-

403 1259 529 1300 ritati
561 1258 712 1300 libelli.

463 1329 600 1384 ·‚‚Cap.
655 1329 715 1379 II,
765 1344 808 1384 p.
846 1342 896 1371 rc
929 1329 1242 1371 Themistoclis
1274 1329 1395 1371 filius
1428 1330 1744 1372 DIOPHANTUS
1778 1333 1982 1380 vocatur,
2017 1330 2097 1386 qui

402 1404 470 1441 est
511 1399 872 1449 CLEOPHANTUS,
914 1414 1012 1458 cap.
1053 1400 1158 1449 VII,
1200 1414 1242 1455 p.
1283 1412 1336 1454 4e
1376 1399 1559 1442 CRATEs
1597 1401 1849 1442 sententiae
1888 1400 2095 1456 proditur

402 1474 575 1520 auctor,
603 1471 680 1525 qui
705 1474 774 1512 est
799 1470 1087 1513 SOCRATES.''
1115 1470 1421 1512 Librariorum
1446 1471 1527 1513 hos
1551 1484 1645 1513 esse
1669 1471 1822 1526 lapsus
1845 1484 1984 1513 nemo
2006 1485 2100 1514 non

403 1541 544 1591 videt,
579 1541 735 1596 itaque
770 1541 951 1596 plurimi
985 1541 1180 1584 editores
1213 1554 1289 1583 eos
1322 1541 1731 1597 emendaverunt.2)
1772 1542 2017 1591 „Librariis
2049 1546 2098 1584 et

402 1626 483 1667 ego
530 1611 806 1667 aliquando’'
850 1612 1000 1667 inquit
1033 1612 1344 1667 Wyttenbach
1380 1612 1491 1662 „hos
1523 1625 1691 1654 errores
1722 1612 1922 1654 tribuere
1954 1612 2097 1658 malui

403 1696 542 1738 quam
572 1683 799 1737 scriptori:
828 1683 1008 1725 mutavi
1035 1683 1323 1732 sententiam,
1353 1683 1533 1724 homine
1556 1682 1823 1724 familiarius
1842 1683 2023 1738 cognito
2050 1683 2114 1744 et>

342 1752 347 1754 ”
401 1753 590 1795 interius
618 1753 901 1808 perspecto.''
921 1753 1104 1795 Licetne
1132 1766 1238 1795 vero
1266 1753 1379 1795 talia
1406 1753 1585 1802 menda,
1611 1767 1726 1808 quae
1750 1745 2111 1796 innumerabilia*

402 1828 644 1866 occurrunt
665 1824 709 1866 in
733 1824 925 1866 aliorum
946 1828 1185 1866 auctorum
1206 1824 1344 1874 libris,
1368 1824 1447 1866 ubi
1471 1824 1675 1866 omnium
1705 1837 1927 1866 consensu
1963 1824 2096 1866 corri-

401 1899 583 1949 guntur,
607 1898 767 1949 utpote
789 1908 904 1949 quae
924 1894 1246 1936 elibrariorum
1260 1894 1435 1936 calamo
1448 1895 1762 1949 profluxerint,
1779 1895 1825 1936 in
1841 1894 1927 1936 hoc
1942 1894 2097 1936 libello

400 1965 649 2008 immutata
660 1965 925 2019 relinquere,
941 1978 992 2006 ac
1004 1969 1236 2019 praeterea
1246 1965 1301 2006 iis
1312 1965 1380 2006 uti
1395 1965 1452 2006 ad
1466 1969 1698 2007 auctorem
1711 1966 1949 2020 vituperari
1957 1965 2100 2007 dum?

462 2035 594 2091 Quod
622 2035 687 2077 ait
717 2035 988 2077 Plutarchus
1016 2023 1383 2090 Epaminondam
1412 2035 1614 2077 Platonis
1642 2035 1914 2091 discipulum
1942 2035 2092 2084 fuisse,

401 2106 505 2147 licet
531 2106 616 2148 hoc
640 2119 867 2161 nusquam
891 2106 998 2147 alibi
1022 2106 1236 2160 legamus,
1263 2110 1419 2148 tamen
1443 2106 1539 2148 fieri
1566 2106 1765 2161 potuisse
1791 2119 1871 2161 per
1893 2110 2095 2150 aetatem

402 2176 587 2232 quidem
619 2177 713 2231 ipse
762 2176 1073 2232 Wyttenbach
1106 2176 1344 2231 ostendit³)
1369 2194 1378 2222 :
1416 2177 1614 2232 „quippe
1647 2176 1803 2219 decem
1837 2177 1928 2218 fere
1961 2177 2092 2220 annis

403 2247 592 2289 Platone
613 2247 790 2289 minor''
813 2252 910 2288 erat
933 2247 1286 2302 Epaminondas.
1311 2248 1356 2290 Si
1378 2261 1482 2289 cum
1501 2247 1698 2289 editione
1721 2247 2094 2290 Bernardakiana

447 2417 477 2454 1)
528 2425 561 2454 p.
583 2418 668 2449 282:
690 2416 800 2455 „Und
822 2425 921 2446 wenn
947 2417 1009 2446 wir
1031 2417 1150 2447 weiter
1168 2417 1340 2455 forschen,
1358 2417 1523 2448 weichem
1546 2418 1778 2455 Philosophen
1790 2417 1847 2448 die
1861 2417 2092 2448 historischen

403 2470 616 2500 Kenntnisse
642 2470 731 2500 wohl
754 2479 799 2500 zu
821 2470 1024 2501 verdanken
1044 2470 1135 2509 sind,
1159 2479 1196 2501 so
1219 2470 1333 2507 ergibt
1353 2470 1427 2501 sich
1449 2471 1507 2501 die
1529 2470 1728 2502 Thatsache
1741 2470 1821 2500 dass
1834 2470 1934 2501 keine
1946 2471 2008 2501 der
2021 2479 2092 2501 von

401 2522 683 2554 Ps.-P1utarehos
703 2523 949 2559 ausgefiihrten
969 2521 1199 2554 historischen
1216 2523 1535 2554 Personlichkeiten
1550 2525 1635 2555 iiber
1649 2523 1703 2554 die
1719 2523 1793 2554 Zeit
1803 2523 1865 2553 des
1879 2522 2094 2561 Chrysippos

398 2576 707 2612 heruntergeht.”;
731 2584 762 2613 p.
789 2577 851 2613 285
870 2585 879 2606 ε
901 2576 995 2615 „Die
1020 2577 1123 2607 Form
1145 2579 1239 2607 eines
1267 2577 1570 2608 Kettensehlusses
1591 2576 1718 2607 nimmt
1739 2576 1802 2606 der
1816 2576 2019 2614 Ausspruch
2031 2574 2092 2605 des

399 2627 623 2665 Diophantos
648 2619 725 2667 (τε)
740 2637 784 2659 an
805 2651 817 2663 .
839 2651 847 2659 .
867 2650 878 2660 .
908 2629 1090 2667 Derartige
1113 2629 1372 2665 Schlussreihen
1391 2629 1501 2660 liebte
1525 2629 1761 2668 Chrysippos;
1788 2637 1872 2658 man
1892 2629 1974 2660 sehe
1994 2628 2093 2666 z.1B.

399 2680 506 2711 Stoic.
533 2690 604 2718 rep.
628 2690 662 2718 p.
688 2683 832 2720 1039C.”

443 2735 478 2772 2)
526 2733 796 2765 BERNARnAms
819 2735 948 2767 retinet
967 2744 1095 2765 nomen
1113 2734 1357 2766 Themistoclis
1381 2735 1444 2765 filii
1467 2744 1499 2772 q.
1522 2745 1553 2767 e.
1577 2731 1824 2778 Κλεόφαντος,
1846 2735 1964 2774 idque,
1985 2734 2092 2769 utait
2132 2744 2135 2745 ⁷

400 2786 624 2825 Wmssmm„
650 2797 684 2825 p.
710 2796 749 2824 42
769 2796 776 2817 ε
797 2788 916 2825 „ohne
944 2788 1189 2820 ersichtliehen
1213 2788 1375 2818 Grund.”

445 2841 477 2878 3)
526 2849 559 2877 p·
587 2850 662 2877 114·

530 2901 542 2917 Ο
